3226 5028
1552 244 1639 311 35

591 441 685 507 Ut
728 464 1040 508 summam
1097 442 1286 509 huius
1332 442 1755 526 expositionis
1801 441 2133 521 faciamus,
2180 446 2406 509 nostra
2433 441 2764 507 sententia

415 548 575 614 haec
619 553 746 614 est:

595 690 876 758 Verbum
921 692 1247 778 singulare
1293 714 1438 756 cum
1483 692 1769 758 subiecto
1814 692 2046 777 plurali
2074 713 2221 778 gen.
2255 713 2446 757 masc.
2477 693 2580 757 vel
2610 693 2762 759 fem.

411 799 863 884 coniungitur:

596 942 661 1023 1)
694 941 776 1007 ·si
831 942 1055 1008 verbo‘
1084 942 1451 1026 proximum
1511 944 1610 1007 est
1667 942 2024 1008 subiectum
2079 942 2408 1028 singulare
2465 944 2569 1008 vel
2615 965 2762 1032 gen.

414 1050 624 1114 neutr.
672 1049 953 1132 plurale3

595 1190 662 1272 2)
710 1193 764 1256 si
810 1190 893 1256 ad
937 1191 1119 1257 verbi
1165 1214 1505 1258 numerum
1549 1193 1728 1257 valet
1773 1214 2008 1259 nomen
2050 1193 2379 1278 singulare
2401 1193 2569 1277 (vel.
2615 1214 2763 1279 gen.

422 1299 651 1391 neutr.-
688 1297 973 1382 plurale)
1031 1299 1341 1363 remotius
1400 1297 1676 1382 quidem,
1734 1298 1845 1365 sed
1903 1301 2118 1385 aliquo
2172 1299 2364 1367 modo'
2419 1301 2521 1367 vel
2579 1301 2646 1367 vi
2691 1322 2768 1367 ac

416 1403 680 1469 notione
725 1404 827 1469 vel
872 1404 1291 1470 collocatione
1336 1407 1744 1489 praevalens3

595 1546 664 1630 3)
742 1547 1087 1629 schematis
1155 1547 1485 1614 Pindarici
1548 1551 1822 1615 ratione.
1930 1549 2071 1615 Hoc
2137 1572 2344 1635 neque
2407 1573 2486 1616 ex
2547 1553 2766 1617 mente

421 1653 755 1739 scriptoris
829 1654 1096 1720 alicuius
1160 1677 1367 1740 neque
1433 1678 1511 1722 ex
1588 1656 1867 1726 dialecto
1930 1657 2145 1742 aliqua
2205 1657 2464 1723 fluxisse
2526 1661 2763 1742 potest.

416 1758 624 1825 Causa
687 1760 897 1843 prima
961 1760 1031 1825 in
1093 1762 1385 1833 notione,
1416 1762 1785 1846 quaerenda
1850 1767 1968 1844 est,
2026 1786 2192 1848 quae
2250 1764 2573 1830 enuntiati
2617 1766 2767 1831 sub-

422 1867 662 1932 iectum
707 1869 824 1932 est.
926 1867 1009 1932 In
1064 1889 1142 1933 ea
1198 1890 1659 1953 nonnunquam
1706 1870 1877 1936 inest
1920 1871 2017 1936 vis
2063 1871 2376 1955 quaedam
2420 1872 2768 1958 singularis

417 1974 534 2053 ita,
593 1977 671 2039 ut
713 1974 907 2040 facile
949 1971 1174 2041 auctor
1218 1977 1426 2060 possit
1472 1977 1890 2057 commoveri,
1937 1981 2013 2042 ut
2058 1979 2554 2059 constructione,
2602 2003 2767 2065 quae

418 2080 657 2148 dicitur
697 2086 862 2147 κατὰ
909 2085 1163 2162 σὺνεσιν,
1210 2085 1455 2149 utatur.
1550 2084 1729 2151 Haec
1772 2086 1910 2151 sola
1955 2088 2022 2150 et
2068 2085 2240 2172 apud
2284 2090 2507 2170 poetas
2552 2091 2766 2173 epicos

420 2187 798 2273 eosdemque
881 2189 1366 2275 antiquissimos
1449 2191 1785 2258 invenitur
1868 2193 1935 2256 et
2008 2193 2178 2277 apud
2250 2192 2624 2278 Euripidem
2699 2199 2767 2262 et

420 2293 817 2382 Sophoclem.
909 2294 971 2360 A
1016 2296 1385 2362 nominibus
1432 2298 1561 2363 illis
1609 2299 1977 2379 collectiviS,
2025 2321 2187 2384 quae
2216 2301 2455 2386 plurali
2498 2324 2766 2367 numero

423 2401 835 2483 adhibentur,
900 2403 1159 2487 etiamsi
1221 2404 1618 2490 singularem
1680 2406 1923 2472 habent
1986 2407 2350 2480 notionem,
2414 2411 2490 2473 ut
2552 2416 2765 2497 κόμαι,

294 2597 305 2604 ,
422 2516 652 2599 φρένες,
709 2514 873 2590 λαοὶ,
934 2517 1177 2599 σάρκες,
1235 2513 1426 2578 fluxit
1483 2513 1875 2581 consuetudo
1931 2538 2076 2582 cum
2122 2516 2349 2582 iisdem
2394 2518 2766 2584 nominibus

419 2617 618 2684 etiam
675 2618 941 2685 verbum
997 2620 1327 2706 singulare
1383 2620 1836 2706 coniungendi,
1897 2624 2010 2688 ubi
2067 2623 2136 2689 in
2194 2623 2273 2689 iis
2330 2646 2464 2690 non
2521 2629 2621 2691 est
2667 2627 2765 2691 vis

417 2725 788 2811 singularis.
894 2726 1139 2794 Deinde
1194 2726 1302 2792 hic
1346 2750 1496 2793 usus
1541 2728 1743 2794 latius
1789 2752 1857 2795 se
1904 2728 2164 2794 diffudit
2210 2731 2328 2808 ita,
2377 2734 2453 2796 ut
2500 2732 2765 2797 verbum

418 2832 744 2918 singulare
789 2855 933 2898 cum
978 2834 1121 2900 aliis
1167 2857 1418 2919 quoque
1464 2834 1831 2901 nominibus
1860 2837 2212 2923 pluralibus
2240 2839 2759 2926 coniungeretur.

420 2937 543 3004 Sed
599 2944 810 3006 certos
865 2940 1172 3027 quosdam
1229 2964 1381 3007 usus
1439 2942 1597 3007 fines
1646 2942 1897 3009 dicendi
1944 2946 2115 3010 ratio
2162 2966 2239 3010 eo
2284 2946 2543 3027 statuit,
2592 2947 2765 3033 quod

418 3046 681 3112 verbum
748 3048 1074 3134 singulare
1150 3049 1456 3133 postponi
1519 3035 1654 3114 non
1717 3053 1936 3136 potest
1999 3052 2247 3117 nomini
2310 3053 2568 3136 plurali,
2636 3054 2765 3119 nisi

417 3153 553 3219 eius
600 3155 782 3220 notio
828 3155 1175 3241 singularis
1233 3156 1564 3242 perspicua
1612 3159 1733 3222 est.
1827 3157 2209 3243 Saepissime
2254 3162 2322 3226 et
2365 3161 2563 3226 variis
2610 3182 2764 3226 con-

417 3259 774 3328 dicionibus
860 3262 1184 3329 schemate
1276 3262 1589 3329 Pindarus
1675 3266 1885 3330 utitur
1900 3314 1917 3343 ,
2004 3265 2329 3332 liberrime
2405 3266 2764 3352 Aeschylus

417 3370 486 3432 et
541 3366 977 3435 Archimedes.
1079 3368 1157 3434 In
1219 3390 1511 3436 sermone
1569 3370 1850 3454 pedestri
1907 3394 2057 3437 usus
2115 3372 2457 3439 schematis
2503 3377 2766 3440 tantum

415 3474 546 3539 fere
593 3474 802 3540 verbis
850 3476 975 3542 ἔστι
1022 3479 1088 3541 et
1132 3476 1391 3559 γίγνεται
1438 3479 1567 3562 (vel
1611 3477 1688 3566 ἧν
1737 3480 1803 3543 et
1831 3478 2093 3563 ἐγένετο)
2122 3480 2443 3545 contineri
2489 3482 2760 3547 videtur.

1545 3796 1630 3864 V.

588 3973 951 4046 Schematis
1036 3975 1360 4042 Pindarici
1427 3977 1603 4062 leges
1679 3979 2041 4044 tractantes
2116 3979 2428 4059 consulto,
2536 3981 2612 4043 ut
2693 3978 2762 4043 in

416 4082 824 4168 praefatione
871 4084 1157 4167 exposui,
1205 4084 1754 4170 praetermisimus
1801 4085 1990 4166 locoS,
2040 4085 2149 4150 ubi
2201 4085 2274 4175 ἧν
2312 4108 2458 4152 cum
2502 4085 2762 4151 nomine

417 4190 656 4273 plurali
701 4175 847 4275 gen.
896 4213 1088 4256 masc.
1120 4193 1220 4256 vel
1249 4191 1397 4257 fem.
1429 4191 1864 4278 coniungitur.
1943 4191 2133 4259 Nunc
2162 4194 2512 4278 quaeritur,
2547 4195 2763 4258 utrum

416 4294 537 4363 hoc
601 4296 676 4385 ἧν
735 4297 945 4363 forma
997 4296 1344 4382 singularis
1403 4300 1491 4363 sit
1549 4321 1635 4363 an
1693 4300 1982 4385 pluralis,
2087 4299 2226 4376 Qua
2271 4301 2340 4364 in
2385 4301 2764 4386 quaestione

415 4427 494 4470 ex
544 4410 829 4471 veterum
874 4406 1259 4470 testimoniis
1307 4405 1536 4471 horum
1583 4407 1861 4472 maxime
1909 4406 2076 4472 ratio
2120 4405 2416 4472 habenda
2464 4411 2598 4473 est:

2386 4530 2437 4571 3.
