3226 5028
1653 288 1739 353 56

505 484 704 552 ἵππων
777 490 1032 573 κῦρια,
1107 486 1249 552 ἀλλ’
1317 484 1358 574 ἡ
1433 507 1571 552 συν-
1612 542 1642 560 ,.
1788 488 1914 553 δὺο
1971 487 2037 551 δέ
2092 490 2339 572 κὺρια,
2401 486 2527 552 ἐπεὶ
2575 491 2643 552 οἱ
2690 490 2858 552 σῦν-

509 596 686 682 θήκη
748 603 924 660 τοῦτο
985 605 1137 660 νοεῖν
1199 589 1269 659 οὐ
1326 617 1572 681 συγχω-
1788 595 2048 681 δεσμοι
2115 601 2551 681 παρακείμενοι
2627 599 2860 680 χωρί-

510 709 783 785 ρεῖ·...
818 750 832 764 .
886 700 1024 785 (15)
1076 698 1141 767 οἱ
1188 702 1256 765 δέ
1301 704 1572 787 σομπλε-
1790 705 1998 773 ζουσι
2064 696 2253 765 αὗτὰ
2310 700 2414 766 ἀπ’
2476 701 2856 788 ἀλλήλῶν.

508 812 704 874 κτικοὶ
794 808 1201 895 σύνδεσμοι
1292 806 1354 874 ἐν
1445 817 1570 881 τοῖς
2826 826 2831 837 ·

377 914 386 922 ’
511 913 742 1001 ὁμοίοις
779 910 1155 1001 εὑρίσκονται
1186 914 1270 989 ὡς
1319 913 1393 979 ἂν
1427 937 1573 1002 χω-

511 1024 813 1106 ρίζωσιν
907 1018 1098 1087 αὐτὰ
1189 1021 1252 1096 ἐξ
1336 1022 1574 1110 ἀλλή-

508 1129 850 1193 λων....

511 1275 714 1373 Atqui
779 1289 1024 1375 priores
1081 1294 1297 1374 partes
1356 1289 1744 1383 scholiorum
1800 1289 1882 1356 ad
1941 1289 2012 1366 E,
2073 1289 2201 1353 774
2260 1291 2482 1374 (usque
2538 1287 2618 1353 ad
2664 1289 2856 1354 verba

509 1407 592 1480 τῷ
653 1398 902 1482 τοιοὺτῳ
961 1396 1093 1462 ἔθει
1150 1399 1558 1463 πεπλεόνακεν
1603 1417 1618 1431 ·
1678 1396 1757 1460 cf.
1818 1419 1880 1482 p.
1913 1395 2027 1480 47)
2084 1401 2150 1461 et
2197 1394 2279 1460 ad
2326 1396 2398 1474 Θ,
2450 1393 2579 1459 185
2626 1396 2853 1481 (usque

511 1501 591 1568 ad
641 1502 852 1582 verba,
902 1504 1132 1587 quibus
1169 1505 1343 1570 locus
1382 1527 1421 1569 a
1457 1503 1642 1568 nobis
1676 1503 1914 1569 allatus
1943 1503 2197 1587 incipit)
2225 1501 2755 1569 Friedlaenderus
2772 1503 2858 1587 36)

510 1609 588 1674 ad
650 1608 1089 1679 Aristonicum
1147 1613 1422 1676 revocat.
1526 1609 1679 1675 Non
1734 1613 1948 1676 autem
2006 1611 2125 1689 est,
2182 1631 2294 1674 cur
2351 1611 2597 1675 alterae
2641 1613 2859 1696 partes

509 1739 548 1782 a
607 1717 930 1800 prioribus
987 1715 1394 1798 divellantur,
1462 1716 1837 1802 quibuscum
1895 1716 2213 1783 artissime
2281 1717 2658 1782 coniunctae
2704 1718 2858 1796 sint,

509 1846 716 1908 neque
816 1823 1019 1889 eidem
1102 1822 1468 1890 Aristonico
1553 1823 1946 1889 tribuantur.
2082 1821 2205 1889 Sed
2287 1822 2472 1888 valde
2555 1822 2857 1890 dubitan-

512 1930 664 1995 dum
711 1935 828 2011 est,
878 1936 1041 1997 nu'm'
1089 1931 1279 1996 huius
1337 1930 1682 2016 gramatici
1726 1931 1891 1996 liber
1936 1928 2296 2014 Anonymo‚
2348 1930 2460 2012 qui
2506 1932 2711 1995 multo
2758 1933 2860 1995 in-

509 2037 763 2103 ferioris
820 2038 1058 2103 aetatis
1114 2038 1220 2117 sit,
1279 2041 1537 2121 praesto
1592 2037 1811 2103 fuerit.
1915 2036 2227 2121 Equidem
2287 2036 2531 2102 conicio
2591 2035 2858 2122 Anony-

510 2168 684 2210 mum
743 2167 949 2229 neque
1010 2167 1088 2209 ex
1145 2144 1402 2209 scholiis
1457 2166 1665 2228 neque
1723 2166 1801 2210 ex
1859 2143 2226 2210 Aristonico
2273 2144 2414 2229 ipso
2460 2127 2639 2222 illud,
2687 2143 2857 2230 quod

509 2252 587 2316 de
633 2250 957 2317 schemate
1001 2251 1472 2337 προεπιζεὺξεως
1518 2251 1693 2331 dicit,
1740 2250 2049 2331 hausisse,
2110 2249 2220 2315 sed
2266 2272 2343 2315 ex
2390 2250 2519 2315 alio
2564 2250 2856 2317 schema-

512 2363 651 2423 tum
697 2358 912 2423 libello
957 2357 1141 2424 nobis
1187 2378 1317 2423 non
1363 2360 1640 2438 servato,
1688 2358 1800 2442 qui
1830 2358 2128 2423 similiter
2159 2379 2235 2422 ac
2257 2356 2454 2423 schol.
2502 2357 2858 2424 Aristonici

511 2465 744 2532 librum
793 2467 1231 2560 excerpsisset‚
1279 2464 1389 2531 sed
1434 2464 1697 2532 scholiis
1743 2466 2094 2553 pleniorem
2139 2468 2391 2531 textum
2435 2464 2793 2552 praeberet.

690 2607 784 2673 Ut
838 2608 1032 2674 finem
1089 2607 1281 2673 huius
1327 2607 1795 2675 dissertationis
1850 2610 2105 2689 faciam,
2153 2631 2468 2694 perpauca
2513 2608 2701 2673 modo
2746 2609 2859 2674 ad-

511 2715 721 2781 denda
787 2717 985 2794 sunt..
1057 2716 1374 2799 quomodo
1459 2716 1702 2802 singuli
1785 2720 2015 2801 poetae
2088 2716 2408 2783 schemate
2481 2715 2856 2781 Alcmanico

511 2824 801 2889 utantur.
907 2821 1289 2892 Eustathius
1350 2821 1433 2887 ad
1478 2821 1548 2903 Υ,
1615 2821 1742 2886 137
1791 2823 1947 2888 dicit
1990 2822 2344 2889 Homerum
2389 2823 2456 2888 id
2500 2823 2854 2901 invenisse3

512 2952 700 3014 quam
773 2929 1167 2995 sententiam
1237 2929 1582 2995 absurdam
1651 2952 1786 2995 esse
1851 2933 2126 2995 constat.
2238 2927 2537 2996 Ceterum
2601 2930 2856 2995 schema

515 3037 718 3104 Alcm.
768 3035 936 3100 nihil
980 3035 1173 3101 alieni
1218 3035 1438 3115 habet,
1487 3038 1789 3120 quoniam
1836 3036 2229 3103 constructio
2275 3035 2463 3101 modo
2491 3040 2654 3104 κατὰ
2685 3040 2854 3103 σὺνε-

511 3167 603 3209 σιν
651 3146 768 3228 est,
816 3165 1011 3227 quam
1055 3164 1365 3227 usurpare
1392 3146 1585 3227 poeta
1617 3165 1946 3229 nunquam
1978 3142 2454 3209 dubitaverunt.
2531 3144 2851 3210 Homerus

514 3253 731 3316 autem
790 3252 1099 3334 quattuor
1155 3249 1308 3315 locis
1365 3248 1497 3315 sch.
1554 3249 1765 3315 Alcm.
1825 3248 2107 3315 adhibet.
2156 3287 2245 3297 —
2291 3248 2672 3336 Saepissime
2716 3254 2853 3317 tra-

513 3356 677 3422 dunt
741 3360 987 3422 veteres
1051 3357 1428 3422 Alcmanem
1492 3355 1812 3423 schemate
1869 3380 2051 3423 usum
2109 3380 2264 3436 esse,
2329 3379 2521 3441 quam
2579 3358 2659 3423 ob
2715 3380 2851 3423 rem

512 3463 956 3529 Alcmanicum
1005 3463 1406 3530 nominatum
1451 3463 1560 3528 sit.
1653 3462 1959 3540 Quamvis
2004 3467 2242 3543 autem,
2289 3467 2366 3530 ut
2398 3464 2849 3531 creberrimum

514 3569 850 3636 Alcmanis
907 3591 1092 3634 usum
1145 3570 1486 3655 significet,
1544 3568 1739 3637 schol.
1790 3568 2018 3636 Venet.
2078 3572 2242 3635 alter
2290 3572 2371 3636 ad
2416 3595 2476 3650 κ,
2524 3571 2654 3636 513
2700 3593 2853 3637 voce

510 3681 1055 3763 κατακορέστερον,
1111 3675 1527 3743 Eustathium
1582 3675 1665 3742 ad
1722 3676 1992 3742 eundem
2037 3679 2246 3743 locum
2292 3700 2444 3743 voce
2488 3691 2853 3765 κατακορῶς

512 3788 768 3850 utatur:
831 3786 1053 3848 tamen
1108 3804 1306 3847 unum
1359 3783 1547 3850 modo
1605 3786 1965 3868 exemplum
2024 3785 2161 3851 eius
2206 3788 2437 3869 poetae
2484 3788 2711 3851 exstat.
2761 3821 2851 3833 -

512 3894 612 3959 Ex
667 3890 934 3958 Pindari
990 3889 1288 3974 operibus
1344 3912 1543 3955 unum
1600 3913 1852 3976 quoque
1915 3893 2122 3959 locum
2179 3892 2495 3971 novimu8‚
2556 3893 2667 3957 ubi
2713 3892 2845 3958 sch.

512 4000 651 4065 Alc.
699 3991 1080 4082 usurpatum
1139 4018 1274 4063 esse
1332 3996 1585 4076 dicitur,
1647 3997 1742 4085 Py
1786 3998 1898 4080 IV,
1952 4001 2099 4065 179.
2192 3997 2315 4065 Sed
2360 4000 2635 4079 videtur,
2684 3998 2853 4084 quod

513 4104 920 4194 praecedenti
965 4103 1211 4169 nomini
1255 4104 1492 4186 plurali
1537 4103 1644 4169 hic
1688 4105 2100 4190 participium
2147 4105 2685 4172 accommodatum
2716 4128 2851 4172 esse

512 4213 739 4301 negari
801 4234 935 4278 non
996 4212 1231 4297 potest,
1295 4211 1561 4276 Pindari
1625 4233 1775 4276 usus
1840 4214 1997 4277 artis
2072 4212 2306 4278 finibus
2370 4214 2706 4280 contineri.
2762 4248 2851 4261 —

690 4462 761 4532 3Β)
797 4462 1095 4519 Aristonici
1131 4461 1329 4532 reliqu.
1373 4480 1428 4533 p.
1468 4462 1571 4516 114
1607 4463 1664 4516 et
1705 4461 1823 4516 142.
