3226 5028
584 1135 821 1251 Causa
877 1185 1190 1270 proxima,
1249 1208 1361 1251 cur
1418 1182 1590 1251 hunc
1646 1183 1933 1281 libellum
1989 1183 2349 1264 scriberem,
2408 1182 2538 1248 fuit
2583 1183 2763 1262 haec,

410 1291 581 1379 quod
637 1291 1083 1359 Richardus
1141 1290 1655 1371 Foersterus,
1721 1292 1820 1356 vir
1885 1271 2418 1371 illustrissimus,
2444 1265 2766 1374 professor

409 1400 564 1466 olim
626 1397 1183 1479 Vratislaviensis‚
1251 1422 1420 1466 nunc
1488 1396 1972 1465 Rostochiensis
1990 1446 2006 1477 ,
2071 1399 2143 1462 in
2206 1396 2440 1463 scholis
2499 1397 2631 1463 suis
2688 1398 2790 1487 de,

410 1506 688 1573 Pindaro
728 1505 975 1572 habitis
1014 1507 1262 1573 animos
1301 1510 1553 1574 nostros
1591 1506 1663 1572 in
1690 1507 1946 1573 schema
1978 1503 2389 1570 Pindaricum
2419 1503 2767 1570 convertit.

412 1613 516 1679 Ad
575 1612 743 1696 quod
800 1613 1061 1697 propius
1107 1636 1254 1680 cum
1301 1615 1723 1693 accessissem,
1785 1612 2002 1679 inveni
2046 1606 2501 1699 grammaticos
2530 1607 2768 1678 recen·-

410 1720 609 1786 tiores
672 1716 858 1785 valde
933 1720 1106 1786 inter
1170 1745 1236 1788 se
1301 1716 1644 1787 dissentire
1665 1769 1682 1801 ,
1757 1722 1987 1804 quibus
2061 1719 2311 1805 legibus
2381 1717 2541 1784 sch.=
2580 1717 2765 1785 Pind.

412 1820 797 1894 obstrictum
843 1829 1041 1906 esset;
1090 1849 1255 1911 quae
1297 1842 1402 1895 res
1439 1831 1506 1895 et
1533 1829 1689 1913 ipsa.
1727 1851 1829 1894 me
1867 1828 2231 1907 commovit,
2279 1828 2354 1892 ut
2381 1828 2448 1892 et
2478 1818 2767 1892 veterum

413 1936 480 2000 et
518 1933 948 2000 recentiorum
989 1932 1324 2000 hominum
1364 1935 1701 2002 doctorum
1740 1934 2096 2000 sententias
2135 1933 2493 2000 conferrem
2526 1930 2767 2019 veasque

412 2041 871 2108 examinarem.
977 2041 1117 2119 Qua
1183 2066 1260 2109 ex
1323 2065 1394 2109 re
1456 2064 1647 2128 quem
1710 2043 1993 2107 fructum
2055 2041 2465 2126 perceperim,
2531 2039 2767 2107 docebo

412 2150 535 2242 hoc
597 2149 834 2216 libello.
904 2160 986 2229 ζ-
1054 2149 1237 2227 Quod
1303 2152 1520 2216 autem
1585 2149 1870 2215 maxima
1907 2148 2373 2219 ,controversia
2441 2149 2539 2215 est
2596 2147 2769 2214 inter

411 2257 584 2322 viros
630 2255 850 2345 doctos
907 2256 985 2324 de
1039 2256 1114 2346 ἦν
1155 2279 1300 2324 cum
1338 2256 1738 2323 nominativo
1781 2255 2014 2340 plurali
2053 2254 2415 2334 coniuncto,
2464 2255 2588 2320 loci
2631 2255 2768 2319 eius

413 2366 668 2450 generis
704 2365 866 2430 mihi
906 2364 1124 2431 idonei
1161 2387 1295 2431 esse
1335 2386 1467 2430 non
1504 2362 1829 2444 videntur,
1879 2385 1929 2435 e
1956 2362 2186 2447 quibus
2215 2363 2390 2448 leges
2421 2361 2769 2429 schematis

414 2470 740 2574 Pindarici
783 2472 1152 2550 eliciantur3
1202 2472 1418 2556 itaque
1447 2469 1564 2537 hos
1593 2471 1811 2536 locos
1792 2494 1861 2536 m
1867 2469 2102 2569 priore
2130 2456 2321 2536 huius
2351 2469 2573 2554 libelli
2583 2472 2771 2569 parte

414 2578 803 2645 omittendos
833 2582 899 2643 et
927 2577 1003 2645 de
1033 2578 1208 2644 illo*
1170 2603 1244 2667 ην
1268 2579 1339 2643 in
1363 2579 1571 2662 altera
1591 2570 1797 2663 parte,
1831 2559 2175 2662 postquam
2194 2582 2409 2644 certae
2429 2562 2772 2645 schematis

413 2686 737 2752 Pindarici
799 2687 975 2772 leges
1040 2685 1345 2752 inventae
1408 2688 1571 2766 sint,
1642 2678 2079 2769 quaerendum
2142 2707 2278 2770 esse
2344 2685 2545 2750 satius
2609 2683 2771 2749 mihi

416 2794 623 2858 visum
685 2795 804 2859 est.
881 2830 971 2841 --
1049 2790 1209 2857 Cum
1271 2791 1396 2857 hac
1427 2789 1430 2794 ’
1459 2792 1536 2859 de
1601 2790 1925 2859 schemate
1988 2791 2327 2859 Pindarico
2392 2792 2771 2876 quaestione

415 2900 718 2965 coniunxi
760 2901 1031 2966 alteram
1074 2899 1151 2986 de
1181 2899 1505 2966 schemate
1534 2898 1930 2979 Alcmanico‚
1975 2896 2147 2982 quod
2177 2897 2275 2963 illi
2303 2896 2770 2981 quodammodo

415 3007 503 3071 sit
564 2999 982 3073 contrarium.
1075 3006 1169 3071 Ut
1227 3008 1398 3073 enim
1450 3006 1776 3073 schemate
1822 3005 2165 3071 Almanico
2213 3004 2475 3071 verbum
2520 3006 2771 3090 plurale

415 3137 532 3199 pro
591 3114 938 3203 singulari,
1005 3114 1101 3180 ita
1165 3112 1487 3180 schemate
1544 3112 1887 3179 Pindarico
1944 3111 2208 3189 verbum
2266 3111 2593 3196 singulare
2653 3133 2769 3196 pro

420 3222 659 3308 plurali
705 3220 1070 3288 adhibetur.
1163 3221 1393 3306 Itaque
1439 3223 1752 3306 quattuor
1788 3219 2025 3305 'primis
2069 3217 2260 3285 huius
2299 3218 2770 3285 dissertationis

416 3329 737 3416 capitibus
782 3328 1098 3396 schema
1144 3328 1667 3409 Pindaricum,
2224 3392 2229 3396 ,
2751 3315 2763 3327 ’

416 3435 717 3521 capiteV
762 3435 847 3525 ἧν
894 3458 1063 3503 cum
1107 3435 1603 3503 nominativo
1651 3433 1954 3519 plurali
2000 3433 2577 3543 coniunctum,

417 3544 630 3627 capite
656 3542 749 3608 VI
795 3543 1112 3609 schema
1157 3542 1708 3609 Alcmanicum

415 3650 737 3717 tractabo.
1670 3671 1675 3675 ·
