3226 5028
1547 271 1635 338 27

406 471 690 537 nominis
747 473 886 536 tum
934 472 1146 538 minus
1190 474 1331 538 tum
1378 470 1588 558 magis
1634 474 1735 536 est
1778 469 2143 537 manifesta.
2235 468 2439 546 Quam
2486 469 2568 535 ob
2614 488 2750 534 rem

405 583 718 665 γαρὺετον,
784 579 954 663 quod
1015 577 1184 646 idem
1248 601 1468 644 omnes
1535 577 1782 644 codices
1847 577 2027 642 nullo
2085 577 2348 660 excepto
2416 575 2748 660 praebent,

405 684 754 753 tenendum
785 688 907 751 est.
957 684 1182 752 Dualis
1211 707 1364 750 sane
1391 683 1497 749 hic
1519 681 1986 769 quodammodo
2015 681 2334 748 offendere
2360 683 2608 765 potest3
2640 680 2751 747 sed

404 793 616 859 minus
676 794 878 859 mirus
935 792 1279 869 videbitur,
1339 791 1396 856 si
1440 791 1751 856 sumimus
1797 794 2060 874 poetam
2107 787 2185 854 de
2230 786 2475 854 duobus
2520 789 2747 865 corvis,

404 902 517 985 qui
584 901 869 986 aquilam
933 900 1329 985 loquacitate
1394 899 1650 975 vexent,
1713 895 2055 982 cogitasse.
2165 897 2264 960 De
2330 893 2575 959 duobus
2640 916 2752 960 cur

406 1007 797 1092 cogitaverit
850 1008 1076 1085 corviS‚
1135 1028 1210 1072 eo
1269 1010 1369 1071 est
1428 1002 1923 1089 explanandum,
1981 1000 2151 1088 quod
2208 1005 2399 1085 poeta
2456 1001 2754 1066 alacriori

412 1135 527 1198 pro
573 1113 790 1179 animo
835 1113 1184 1200 imaginem
1239 1134 1436 1197 quam
1482 1112 1763 1178 maxime
1821 1132 2186 1196 expressam
2232 1108 2355 1173 sibi
2400 1109 2749 1193 proposuit.

409 1220 597 1287 Haud
643 1221 772 1287 scio
828 1242 914 1286 an
971 1222 1149 1287 certa
1204 1217 1519 1305 quaedam
1578 1219 1818 1297 fabula,
1878 1217 1949 1283 in
1994 1238 2123 1302 qua
2168 1216 2294 1282 duo
2340 1214 2516 1280 corvi
2564 1213 2751 1280 indu-

406 1331 656 1405 cantur,
718 1326 799 1392 ob
845 1329 1075 1411 poetae
1132 1329 1417 1391 mentem
1460 1328 1717 1391 versata
1762 1326 1848 1391 sit
1867 1326 1965 1406 1⁷).
2000 1360 2082 1373 -
2114 1322 2439 1401 Quomodo
2487 1322 2752 1389 verbum

410 1434 736 1520 singulare
801 1432 1306 1518 intellegendum
1362 1435 1449 1498 sit
1513 1432 1696 1499 Pind.
1764 1431 1926 1498 Isth.
1993 1429 2105 1511 IV,
2173 1432 2278 1511 57,
2336 1430 2749 1516 grammatici

405 1539 793 1606 recentiores
837 1539 1023 1605 valde
1067 1538 1482 1605 dissentiunt.
1576 1539 2032 1606 Mommsenius
2077 1538 2270 1624 legit:

828 1697 994 1766 οὗτοι
1040 1703 1418 1790 τετὺφλωται
1464 1706 1704 1790 μακρὸς

831 1811 1078 1895 μόχθος
1126 1808 1381 1895 ἀνδρῶν·
1442 1804 1570 1875 οὐδ’
1618 1807 1839 1877 ὁπόσαι
1885 1809 2225 1873 δαπάναι

828 1912 1087 1980 ἐλπίδων
1134 1913 1367 1983 ἔκνισ’
1418 1916 1573 1982 ὄπιν·

403 2059 472 2122 et
516 2056 622 2122 sch
631 2055 902 2122 oliorum
948 2044 1555 2143 interpretationem
1601 2061 1854 2125 secutus
1882 2057 1974 2123 sic
2001 2058 2213 2149 locum
2245 2056 2746 2140 interpretatur:

401 2160 574 2228 ‘Non
619 2163 946 2230 involutus
993 2166 1092 2230 est
1137 2164 1337 2231 caecis
1384 2167 1668 2232 tenebris
1714 2165 2005 2232 diutinus
2051 2163 2233 2230 labor
2261 2165 2569 2240 virorum,
2617 2184 2749 2228 non

403 2272 523 2350 est,
569 2269 859 2355 quamvis
905 2269 1174 2337 maximi
1217 2254 1515 2358 sumptus
1560 2273 1818 2339 futurae
1858 2270 2167 2339 victoriae
2207 2292 2424 2336 curam
2452 2269 2750 2335 molestia

403 2377 762 2442 affecissent
819 2375 1238 2461 (acuissent).’
1341 2377 1475 2444 Alii
1531 2382 1847 2446 commate
1904 2378 2317 2467 distinguunt
2364 2377 2624 2464 partim,
2673 2379 2749 2440 ut

401 2481 632 2549 Dissen
678 2484 744 2549 et
784 2481 1006 2570 Bergk
1020 2484 1068 2563 3,
1116 2486 1266 2569 post
1311 2484 1590 2564 ἐλπίδων,
1637 2487 1897 2572 partim,
1944 2488 2021 2551 ut
2066 2483 2483 2565 Scheidewin‚
2532 2482 2629 2551 ed.
2659 2484 2745 2551 Π.

400 2589 643 2656 Teubn.
661 2638 678 2670 ‚
766 2592 917 2674 post
998 2593 1269 2664 δαπάναι
1351 2595 1421 2657 et
1505 2591 1588 2659 ad
1670 2594 1857 2660 ἔκνισ’
1929 2609 2176 2658 ‘nomen
2256 2593 2585 2681 singulare
2665 2616 2747 2658 ex

401 2698 671 2763 δαπάναι
747 2699 1071 2783 supplent.
1182 2698 1464 2776 Quorum
1533 2699 2049 2767 emendationem
2119 2722 2509 2786 quamquam
2574 2721 2747 2766 com·

397 2826 625 2890 parare
686 2826 1020 2890 possumus
1065 2828 1209 2872 cum
1254 2805 1408 2872 Hes.
1459 2804 1611 2885 254,
1672 2809 1890 2873 tamen
1935 2809 2203 2891 propter
2248 2806 2521 2892 ellipsim
2567 2807 2747 2872 verbi

401 2910 481 2976 ad
537 2912 806 2977 δαπάναι
865 2912 1253 2998 pertinentis
1310 2935 1441 2980 non
1498 2914 1900 2999 accipiemus,
1948 2913 2330 3000 praesertim
2377 2936 2516 2980 cum
2565 2915 2747 2979 sche-

400 3020 572 3083 mate
620 3017 958 3085 Pindarico
1017 3020 1228 3085 multo
1274 3020 1530 3087 facilius
1587 3023 1921 3107 singulare
1968 3021 2234 3088 verbum
2280 3022 2484 3105 possit
2529 3022 2748 3106 expla-

404 3124 571 3189 nari.
663 3123 866 3191 Sensu
911 3113 1083 3194 enim
1130 3148 1261 3192 non
1306 3131 1561 3193 mutato
1606 3133 1801 3213 poeta
1846 3130 2047 3195 etiam
2075 3129 2467 3214 singularem
2500 3130 2744 3218 δαπάνη

395 3229 696 3297 adhibere
751 3233 996 3316 potuit,
1055 3237 1132 3298 ut
1192 3235 1259 3298 et
1322 3254 1438 3298 nos
1502 3234 1858 3319 promiscue
1921 3234 2106 3303 ‘viele
2163 3235 2376 3302 Miihe’
2440 3238 2508 3301 et
2563 3234 2744 3301 ‘viele

395 3337 655 3403 Miihen’
732 3338 1019 3406 dicimus.
1140 3339 1395 3426 Singuli
1478 3345 1696 3408 autem
1778 3345 2069 3428 sumptus
2140 3341 2221 3408 ad
2289 3365 2487 3409 unum
2551 3344 2744 3409 finem

395 3447 753 3528 spectantes
816 3446 888 3511 in
951 3468 1150 3511 unum
1205 3449 1393 3533 quasi
1449 3452 1777 3533 sumptum
1834 3451 1931 3514 ita
1989 3448 2315 3515 coniuncti
2372 3453 2565 3534 poeta
2623 3448 2742 3514 visi

392 3553 564 3631 sunt,
613 3554 686 3618 ut
730 3552 991 3618 verbum
1039 3553 1372 3640 singulare
1417 3553 1804 3621 adhibuerit.
1898 3555 2158 3622 ἐλπίδων
2206 3555 2273 3621 in
2319 3554 2524 3621 medio
2570 3556 2742 3640 posi-

393 3661 534 3722 tum
581 3660 648 3723 et
693 3657 775 3723 ad
822 3660 1091 3738 δαπάναι
1138 3662 1205 3726 et
1254 3660 1335 3727 ad
1383 3662 1517 3728 ὄπιν
1564 3663 1868 3747 pertinet.

573 3817 838 3886 Praeter
895 3819 1054 3887 haec
1108 3844 1274 3908 quae
1333 3823 1971 3889 commemoravimus
2036 3826 2329 3909 exempla
2395 3821 2520 3888 duo
2586 3823 2742 3887 affe-

398 3928 652 4006 runtur,
712 3926 783 3991 in
828 3926 1059 4011 quibus
1116 3927 1249 3994 sch.
1300 3927 1485 3995 Pind.
1534 3930 1896 4015 postposito
1941 3930 2136 3997 verbo
2183 3932 2558 4014 usurpatum
2605 3951 2741 3995 esse

391 4030 647 4099 dicitur.
725 4033 1147 4121 Hipponactis
1192 4035 1363 4101 enim
1395 4037 1519 4122 frg.
1554 4035 1637 4100 41
1671 4034 1994 4116 Welcker,
2043 4036 2129 4101 29
2160 4035 2420 4120 Bergk3
2466 4035 2736 4122 legitur:

573 4282 645 4353 1⁷)
694 4283 1037 4343 Sim0nidem
1100 4288 1161 4342 et
1215 4286 1605 4357 Bacchylidem
1673 4286 1884 4343 scholia
1938 4285 2135 4341 dicunt
2178 4284 2292 4340 illis
2337 4284 2522 4341 verbis
2568 4284 2740 4356 signi-

387 4370 556 4428 ficari.
631 4372 826 4443 Neque
872 4391 1003 4431 vero
1054 4374 1361 4445 quidquam
1398 4376 1558 4432 nobis
1594 4378 1792 4431 notum
1832 4376 1916 4431 est
1952 4374 2256 4430 Pindarum
2293 4373 2354 4430 iu
2390 4375 2491 4429 hos
2527 4376 2738 4446 poetas,

388 4460 493 4521 etsi
528 4462 645 4521 eius
681 4463 944 4532 aemulos,
982 4465 1102 4522 tam
1137 4464 1348 4521 iratum
1383 4465 1565 4532 fuisse,
1602 4466 1672 4521 ut
1710 4465 1784 4523 ad
1819 4464 1967 4522 hanc
2000 4463 2315 4521 irrisionem
2350 4464 2606 4522 ferretur.
