3226 5028
1525 288 1608 354 21

386 485 745 553 sti-andam:
794 489 1017 554 tamen
1061 510 1138 554 ex
1185 488 1264 553 iis
1308 487 1615 573 exemplis
1663 486 2090 574 colligendum
2138 490 2238 554 est
2282 509 2401 555 nos
2447 490 2516 554 et
2562 487 2732 574 ipsos

386 594 686 660 dubitare
749 616 882 660 non
946 593 1174 660 debere
1189 643 1204 673 ‚
1279 596 1438 680 quiu
1503 594 1766 660 verbum
1830 596 2162 682 singulare
2226 597 2422 661 etiam
2492 597 2735 680 plurali

384 702 633 768 nomini
695 703 1122 787 postpositum
1179 702 1286 768 sit.
1380 702 1729 779 Quaeritur
1775 705 1992 768 autem
2008 750 2025 781 ,
2089 724 2246 767 num
2304 723 2525 769 omnes
2571 725 2733 788 quas

381 830 593 893 supra·
624 808 965 873 attulimus
1008 808 1356 874 schematis
1412 809 1598 874 Pind.
1646 809 1886 893 species
1931 808 2195 876 verbum
2242 811 2571 896 singulare
2616 833 2735 876 no-

383 914 544 980 mini
590 915 861 999 pluralis
906 914 1240 981 succedere
1285 915 1645 999 patiantur.
1722 915 1993 983 Constat
2037 938 2193 982 sane
2237 917 2355 995 ita,
2398 919 2475 982 ut
2504 918 2733 1004 negari

387 1043 521 1086 non
565 1022 787 1108 possit,
844 1021 1109 1086 verbum
1166 1021 1414 1086 nomini
1472 1023 1768 1107 proximo
1813 1023 2135 1110 singulari
2182 1023 2730 1091 accommodatum

383 1131 702 1215 postponi.
805 1126 982 1194 Idem
1046 1128 1463 1194 statuendum
1527 1131 1628 1195 est
1685 1129 1763 1194 de
1817 1131 1945 1196 illis
2000 1129 2326 1216 exemplis,
2385 1131 2453 1197 in
2500 1131 2732 1217 quibus

282 1223 295 1231 ’
383 1257 618 1301 nomen
676 1235 1008 1321 singulare
1065 1235 1376 1302 remotius
1432 1236 1503 1301 in
1561 1236 1826 1302 verbum
1887 1237 2017 1302 vim
2062 1241 2333 1303 exercet.
2426 1236 2521 1303 At
2573 1238 2736 1304 haec

380 1364 512 1409 non
572 1344 654 1408 ad
712 1341 844 1408 sch.
906 1341 975 1407 P;
1035 1365 1220 1408 usum
1264 1343 1622 1428 pertinent,
1670 1343 1849 1410 cuius
1894 1366 2092 1428 supra
2135 1346 2270 1410 tres
2314 1345 2554 1431 species
2597 1346 2730 1412 sta-

384 1450 647 1516 tuimus.
724 1448 912 1516 Nihil
957 1453 1176 1516 autem
1221 1453 1341 1530 est,
1390 1472 1503 1515 cur
1532 1450 1796 1530 verbum
1828 1451 2159 1537 singulare
2189 1451 2440 1517 nomini
2469 1452 2730 1536 plurali,

380 1557 483 1622 cui
559 1556 740 1624 notio
813 1557 1159 1644 singularis
1222 1557 1392 1624 inest
1409 1607 1425 1638 ,
1502 1581 1634 1624 non
1692 1560 1895 1646 possit
1958 1557 2287 1625 succedere
2303 1607 2320 1638 ,
2389 1559 2733 1626 dummodo

385 1664 782 1732 constructio
828 1669 990 1731 κατὰ
1035 1660 1272 1731 σι’)νεσιν
1320 1666 1528 1731 locum
1574 1665 1836 1732 habeat.
1914 1664 2206 1731 Vidimus
2251 1666 2424 1731 enim
2471 1688 2617 1733 cum
2662 1666 2732 1732 in

379 1771 538 1837 Hes.
579 1770 825 1858 Theog.
871 1772 1001 1837 790
1037 1795 1153 1857 sq.,
1199 1771 1375 1838 Scut.
1425 1774 1574 1853 254,
1615 1773 1770 1838 Her.
1804 1771 1884 1852 V,
1920 1771 2067 1853 115,
2097 1773 2285 1839 Paus.
2316 1771 2491 1854 VIII,
2524 1773 2633 1855 33,
2667 1776 2728 1856 2,

383 1882 524 1943 tum
570 1879 642 1943 in
683 1878 750 1945 h.
797 1880 865 1944 in
905 1877 1044 1945 Cer.
1076 1880 1226 1958 279,
1258 1879 1425 1946 Plat.
1475 1878 1692 1966 Symp.
1728 1879 1852 1945 188
1882 1879 1957 1945 Β.
1990 1881 2061 1945 in
2087 1880 2372 1946 subiecto
2402 1881 2731 1949 notionem

384 1984 713 2071 quandum
757 1987 1150 2072 singularem
1196 1987 1406 2077 inesse
1453 1990 1648 2072 atque
1679 1987 1923 2063 codices
1953 1987 2349 2072 singularem
2377 1989 2732 2071 praedicati

379 2115 714 2159 numerum
760 2095 1086 2179 praebere.
1159 2093 1279 2160 His
1326 2095 1518 2160 certis
1563 2094 1869 2179 exemplis
1915 2093 2071 2160 satis
2111 2094 2271 2161 mihi
2301 2094 2555 2161 videtur
2584 2119 2731 2183 pro-

380 2200 525 2265 bari
571 2200 641 2265 in
687 2222 907 2266 severo
953 2203 1281 2268 schemate
1328 2203 1512 2268 Pind.
1563 2203 1830 2267 verbum
1876 2201 2125 2268 nomini
2170 2204 2475 2288 postponi
2519 2225 2723 2289 posse.

381 2305 603 2391 Neque
649 2330 802 2374 vero
829 2310 900 2373 in
930 2309 1072 2374 aliis
1103 2309 1232 2375 sch.
1280 2309 1462 2374 Pind.
1494 2308 1837 2395 generibus
1865 2308 2128 2375 eandem
2159 2332 2293 2375 rem
2320 2309 2547 2376 docere
2582 2333 2733 2396 pos-

382 2436 626 2492 sumus;
652 2414 848 2482 immo
875 2414 1149 2493 videtur,
1175 2438 1318 2483 cum
1343 2440 1495 2481 usus
1519 2414 1696 2480 verbi
1723 2416 2071 2502 singularis
2095 2416 2293 2482 latius
2316 2440 2383 2484 se
2410 2417 2729 2499 funderet,

382 2523 450 2587 in
473 2523 994 2589 consuetudinem
1017 2523 1284 2603 venisse,
1315 2526 1391 2588 ut
1412 2524 1677 2589 verbum
1702 2525 2231 2608 praemitteretur
2253 2525 2520 2606 nomini,
2547 2526 2733 2611 quasi
2851 2551 2855 2555 ·

381 2630 550 2694 ratio
579 2652 712 2695 non
738 2629 1086 2696 haberetur
1116 2630 1560 2717 subsequentis
1588 2631 1876 2696 subiecti.
1926 2630 2068 2707 Qua
2097 2653 2167 2695 re
2195 2633 2491 2698 nonnulli
2511 2653 2731 2718 gram·

379 2738 597 2802 matici
642 2736 903 2803 adducti
948 2741 1120 2817 sunt,
1168 2742 1244 2803 ut
1291 2737 1740 2803 existimarent
1769 2737 2191 2821 praemissum
2227 2739 2512 2819 verbum,
2559 2740 2730 2825 quod

380 2844 801 2911 adnuntiaret
855 2845 1043 2911 modo
1097 2844 1452 2912 subiectum
1470 2894 1485 2924 ‚
1547 2865 1806 2908 causam
1865 2843 2120 2908 numeri
2174 2844 2526 2930 singularis
2571 2869 2727 2913 esse.

381 2948 570 3015 Hanc
616 2973 748 3016 non
792 2974 1014 3017 veram
1059 2951 1400 3017 schematis
1447 2973 1709 3017 causam
1755 2972 1891 3015 esse
1936 2950 2062 3016 iam
2110 2972 2188 3015 ex
2231 2951 2312 3016 iis
2341 2973 2502 3037 quae
2529 2976 2727 3040 supra

381 3056 515 3122 dixi
571 3057 792 3143 colligi
849 3060 1094 3144 potest3
1149 3080 1301 3124 nam
1356 3058 1426 3124 iu
1484 3057 1805 3144 plerisque
1861 3057 2167 3142 exemplis
2225 3058 2422 3124 aliam
2467 3082 2725 3129 causam

379 3167 666 3231 statuere
725 3187 1078 3252 possumus,
1142 3169 1337 3252 atque
1383 3188 1573 3231 causa
1619 3167 1689 3231 in
1733 3165 2020 3232 subiecto
2068 3166 2285 3250 paucis
2333 3166 2521 3232 modo
2568 3168 2726 3235 locis

381 3270 722 3337 schematis
785 3273 1097 3338 liberrimi
1163 3296 1295 3338 non
1341 3273 1703 3353 invenitur,
1768 3273 1880 3339 ubi
1927 3295 2077 3338 usus
2136 3272 2481 3341 schematis
2539 3275 2725 3343 Pind.

379 3381 516 3443 tam
574 3378 705 3444 late
763 3383 976 3465 patet,
1034 3385 1110 3445 ut
1167 3382 1304 3445 sine
1360 3381 1491 3445 ulla
1537 3382 1896 3446 sententiae
1943 3379 2307 3447 differentia
2352 3386 2568 3448 omnia
2612 3405 2729 3449 no-

380 3485 556 3551 mina
601 3507 749 3571 gen.
795 3510 992 3552 masc.
1044 3488 1144 3551 vel
1198 3489 1345 3554 fem.
1386 3487 1675 3576 ‘pluralia
1720 3487 2039 3573 singulari
2087 3487 2282 3553 verbo
2329 3490 2729 3577 coniungan-

379 3594 507 3658 tur.
616 3594 697 3658 In
758 3593 1085 3661 schemate
1147 3594 1444 3660 liberiore
1501 3597 1567 3659 et
1631 3593 1958 3659 liberrimo
2004 3617 2117 3661 cur
2175 3594 2437 3660 verbum
2485 3598 2730 3664 nomini

379 3722 511 3764 non
576 3700 895 3780 succedat,
955 3701 1247 3785 quamvis
1293 3702 1415 3768 hoc
1459 3702 1525 3766 in
1573 3703 1785 3786 figura
1829 3721 1978 3786 gen.
2026 3704 2238 3767 neutr.
2286 3702 2421 3783 fiat,
2470 3726 2727 3772 causam

379 3807 572 3872 aliam
630 3831 757 3873 non
812 3829 1157 3892 possumus,
1202 3807 1431 3873 afferre
1489 3807 1618 3873 nisi
1672 3830 1857 3872 usum
1916 3808 2180 3894 linguae
2241 3808 2544 3890 Graecae,
2615 3812 2729 3897 qui

378 3913 501 3978 sibi
545 3915 681 4000 ipse
727 3916 887 3981 fines
932 3915 1245 3981 definivit.

511 4020 783 4108 Propius
840 4026 1059 4087 autem
1116 4022 1538 4089 accedendum
1595 4027 1697 4087 est
1754 4021 1940 4088 uobis
2000 4022 2082 4087 ad
2149 4024 2292 4089 illos
2353 4024 2523 4089 locos
2538 4071 2554 4102 ,
2615 4022 2728 4088 ubi

380 4127 677 4193 nonnulli
738 4127 999 4213 quidam
1055 4129 1453 4195 contendunt
1508 4130 1838 4215 singulare
1896 4128 2161 4194 verbum
2215 4129 2549 4196 succedere
2609 4153 2727 4196 no-

379 4234 540 4299 mini
595 4234 852 4320 plurali.
918 4270 994 4281 —
1058 4234 1155 4299 Ac
1209 4236 1488 4318 primum
1545 4235 1804 4321 quidem
1850 4237 1919 4300 in
1964 4235 2288 4303 Homeri
2334 4236 2725 4302 carminibus

379 4339 765 4407 Eustathius
827 4340 1171 4426 quinquies
1236 4341 1368 4408 sch.
1439 4341 1511 4407 P.
1576 4346 1867 4410 statuere
1914 4345 2057 4408 vult
2100 4343 2296 4409 verbo
2342 4343 2724 4427 postpositO.

380 4445 474 4511 At
534 4470 595 4529 τ,
652 4445 779 4513 337
843 4469 1036 4532 supra
1096 4454 1263 4536 (pag.
1329 4449 1438 4533 10)
1497 4449 1625 4515 iam
1673 4449 1952 4519 diximus
2000 4473 2142 4519 eum
2193 4472 2407 4518 errore
2452 4448 2726 4537 quodam
