3226 5028
1254 1420 1864 1589 Thesea

450 1732 503 1808 Ι,
552 1731 710 1796 Hor.
761 1752 955 1795 earm.
993 1729 1135 1810 111„
1173 1731 1236 1809 4,
1275 1728 1316 1793 9
1353 1729 1636 1798 fabuloso
1682 1749 1800 1816 pro
1845 1728 2175 1796 fabulosae
2219 1729 2564 1815 legendum
2610 1734 2730 1796 est.

420 1855 506 1922 ΙΙ.
554 1855 825 1941 Lycurg.
875 1877 927 1920 e.
974 1853 1194 1922 Leoer.
1243 1855 1327 1919 50
1376 1853 1635 1939 (Reiske
1680 1878 1743 1941 p.
1796 1852 1950 1939 175)
2000 1854 2072 1919 in
2115 1854 2325 1920 verbis
2370 1853 2729 1941 ἐλευθερίαν

558 1979 621 2046 ἐν
684 1991 808 2056 τοῖς
864 1979 1096 2045 ἑαυτῶν
1155 1985 1429 2067 σώμασιν
1489 1978 1657 2067 εἶχον
1716 2000 1751 2043 e
1796 1981 1984 2076 textu
2029 1976 2092 2043 ὲν
2142 1980 2563 2045 amovendum
2609 1982 2728 2045 est.

388 2104 504 2170 [II.
550 2103 813 2171 Pindari
877 2106 1183 2184 carmina,
1249 2126 1409 2188 quae
1474 2102 1863 2191 ἐνθρονισμοὶ
1926 2126 1966 2169 a
2024 2102 2222 2169 Suida
2287 2104 2729 2183 nominantur,

560 2229 643 2295 ad
690 2228 954 2314 Cybeles
1001 2232 1246 2295 cultum
1293 2229 1647 2313 pertinent.

227 2322 237 2332 b
293 2414 306 2422 ,
385 2353 498 2420 IV.
552 2354 858 2421 Franzius
916 2355 1010 2440 (in
1061 2353 1209 2420 diss,
1258 2353 1335 2420 de
1394 2353 1583 2419 verbo
1643 2354 1813 2438 apud
1860 2351 2134 2421 Graecos
2191 2353 2532 2422 coniuncto
2589 2375 2733 2419 eum

558 2480 773 2547 neutri
837 2480 1089 2567 generis
1154 2478 1442 2546 subiecto
1505 2477 1764 2563 plurali,
1830 2476 2039 2545 Bonn.
2105 2477 2305 2562 1875)
2364 2501 2495 2545 non
2560 2483 2733 2546 reete

467 2659 473 2664 .
559 2605 880 2691 originem
927 2606 1175 2690 figurae
1204 2605 1461 2689 generis
1492 2605 1786 2669 neutrius
1815 2603 2130 2690 imprimis
2157 2604 2240 2671 ad
2272 2603 2731 2670 adieetivorum

558 2733 623 2794 et
672 2729 1124 2815 pronominum
1170 2729 1512 2814 pluralium
1556 2750 1745 2793 usum
1790 2731 2067 2795 revocat.
2236 2707 2237 2710 Ἴ
2682 2729 2687 2732 ’

420 2851 498 2918 V.
546 2852 1121 2919 Pseudo-Sallustii
1166 2853 1375 2919 oratio
1405 2857 1473 2920 et
1512 2853 1782 2940 epistola
1828 2852 1910 2920 ad
1939 2850 2274 2920 Caesarem
2309 2875 2524 2920 senem
2552 2853 2630 2918 de
2660 2876 2731 2919 re

556 2977 812 3062 publiea
857 2999 988 3043 non
1032 2977 1112 3042 ab
1157 2977 1377 3044 eodem
1424 2981 1686 3044 auctore
1732 2980 2124 3063 compositae
2169 2980 2342 3044 sunt.

386 3100 497 3167 VI.
555 3101 827 3167 Animae
890 3102 1234 3168 facultates
1295 3126 1424 3169 non
1490 3106 1645 3183 treS,
1711 3102 1821 3170 sed
1885 3104 2049 3169 duae
2108 3102 2488 3170 tribuendae
2553 3106 2727 3184 sunt,

562 3226 982 3313 intellegendi
1028 3231 1095 3293 et
1142 3228 1508 3314 appetendi.
