3226 5028
1497 265 1581 330 29

360 465 576 531 dinem
625 464 939 549 pervenit.
1031 463 1281 530 Deinde
1327 460 1609 548 quinque
1657 462 1950 545 exempla
1980 459 2325 528 Homerica
2364 457 2708 527 schematis

362 571 550 639 Pind.
617 593 782 655 quae
844 574 1131 638 statuere
1197 571 1337 636 vult
1399 568 1803 648 Eustathius,
1867 568 1998 633 iam
2062 591 2122 652 p.
2184 569 2264 632 21
2334 569 2709 654 negavimus

362 679 488 744 huc
551 678 892 764 pertinere.
951 714 1041 726 —
1105 677 1327 761 Neque
1386 698 1535 742 vero
1591 673 1918 740 Heraclidi
1976 674 2320 758 astipulari
2375 695 2710 757 possumus

340 785 607 852 ‘dicenti
667 784 841 869 apud
897 784 1317 850 Eustathium
1373 783 1455 848 ad
1513 806 1568 860 o,
1634 781 1760 846 106
1808 779 2156 847 Homerum
2206 802 2532 864 nunquam
2580 781 2712 846 sin-

363 892 700 980 gularibus
748 913 934 956 usum
981 913 1116 957 esse
1162 912 1278 975 pro
1323 884 1679 974 pluralibus
1727 887 1972 965 verbis3
2021 889 2276 953 constat
2322 887 2494 953 enim
2541 891 2607 953 et
2633 886 2708 966 P,

366 1001 495 1065 284
545 1001 612 1064 et
660 997 745 1076 Ψ,
799 998 923 1063 381
985 999 1251 1064 verbum
1310 996 1635 1082 singulare
1692 1016 1812 1079 pro
1858 995 2095 1080 plurali
2150 974 2510 1060 adhibitum
2556 1016 2711 1075 esse,

368 1107 658 1192 quamvis
704 1104 1052 1171 schematis
1100 1103 1425 1171 Pindarici
1469 1103 1644 1188 leges
1689 1104 1892 1167 statui
1938 1123 2072 1166 non
2118 1103 2388 1187 possint.
2422 1139 2504 1147 —
2535 1101 2715 1167 Inter

369 1212 648 1297 reliquos
723 1214 943 1299 poetas
1019 1210 1227 1297 epicos
1294 1213 1552 1276 tantum
1619 1212 1942 1274 auctorem
2010 1207 2235 1293 hymni
2293 1209 2364 1273 in
2420 1207 2715 1274 Cererem

276 1328 279 1333 ⁴
375 1322 441 1385 et
502 1318 851 1384 Hesiodum
906 1318 1170 1383 verbum
1226 1318 1552 1405 singulare
1608 1337 1725 1401 pro
1787 1314 2017 1400 plurali
2063 1336 2373 1399 usurpare
2419 1314 2715 1396 vidimus,

304 1505 308 1508 Α
373 1426 554 1490 illum
628 1448 758 1491 uno
833 1426 1001 1505 loco,
1073 1425 1244 1490 hunc
1310 1423 1572 1490 duobus.
1686 1422 1765 1486 In
1841 1420 1905 1485 h.
1983 1421 2050 1486 in
2128 1419 2265 1487 Cer.
2334 1421 2463 1488 279
2526 1430 2716 1510 κόμαι

375 1554 515 1619 cum
611 1531 932 1617 singulari
1033 1531 1228 1597 verbo
1315 1550 1627 1597 conexum
1714 1552 1849 1595 esse
1929 1549 2077 1614 pag.
2153 1529 2235 1593 16
2314 1530 2719 1617 exposuimus

374 1641 848 1705 constructione
920 1623 1084 1705 ’κατὰ
1156 1641 1418 1718 σὺνεσιν,
1498 1661 1577 1704 ex
1644 1659 1772 1720 qua
1839 1636 1971 1702 sch.
2037 1636 2106 1703 P.
2174 1638 2534 1722 profectum
2598 1641 2717 1704 est.

377 1745 571 1832 Apud
615 1744 1043 1812 Hesiodum
1092 1748 1304 1810 autem
1354 1745 1425 1809 in
1463 1743 1709 1830 Theog.
1744 1745 1869 1809 790
1902 1747 1969 1808 et
2001 1743 2173 1811 Scut.
2223 1742 2355 1810 250
2398 1744 2525 1811 duo
2572 1767 2722 1812 con-

378 1853 768 1918 structiones
834 1856 999 1918 κατὰ
1056 1854 1288 1919 σι’)νεσιν
1346 1853 1413 1917 et
1470 1851 1644 1935 ipsae
1702 1854 1977 1932 exstant,
2039 1851 2149 1918 sed
2213 1854 2485 1919 interest
2547 1853 2723 1920 inter

377 1983 485 2026 eas
551 1962 619 2024 et
681 1957 814 2025 sch.
880 1959 952 2024 P.
1019 1993 1107 2005 -
1165 1957 1484 2024 Videntur
1547 1959 1752 2044 igitur
1815 1959 1938 2024 hac
2000 1960 2069 2023 in
2130 1959 2309 2043 poesi
2372 1961 2723 2027 vetustiore

374 2066 717 2132 schematis
763 2064 949 2132 Pind.
996 2065 1282 2133 nondum
1327 2088 1586 2151 prorsus
1634 2066 1872 2130 exculti
1916 2065 2127 2150 prima
2156 2068 2417 2132 tantum
2447 2068 2724 2153 vestigia

376 2172 673 2241 inveniri.
775 2172 1004 2258 Itaque
1061 2194 1194 2238 non
1250 2175 1423 2239 recte
1468 2172 1705 2238 dixisse
1761 2174 2109 2240 censendus
2155 2176 2254 2239 est
2298 2173 2725 2240 Ruhnkenius
2834 2165 2841 2172 ¹

382 2279 461 2346 ad
523 2280 588 2346 h.
652 2281 722 2346 in
788 2278 927 2345 Cer.
984 2278 1148 2344 499.
1197 2278 1257 2344 a
1315 2279 1604 2363 reliquiis
1664 2300 1883 2345 cascae
1941 2277 2225 2346 Graecae
2280 2281 2544 2368 linguae
2589 2282 2723 2348 sch.

381 2387 450 2452 P.
499 2387 674 2454 esse?

557 2493 661 2560 Ab
705 2432 1054 2561 Eustathio
1115 2493 1195 2562 ad
1252 2520 1305 2576 τ,
1354 2493 1484 2560 337
1543 2493 1821 2576 schema,
1869 2493 1947 2559 de
1993 2517 2119 2580 quo
2150 2495 2408 2581 agitur,
2456 2493 2725 2563 Αιολι-

379 2606 507 2669 κὸν
553 2613 773 2690 σχῆμα
819 2607 925 2669 καὶ
970 2599 1308 2689 Δωρικὸν
1345 2603 1738 2669 nominatur.
1814 2601 2040 2685 Atqui,
2083 2602 2253 2687 quod
2281 2626 2358 2669 ex
2390 2606 2727 2690 poetarum

382 2707 790 2775 Aeolicorum
836 2708 1220 2797 fragmentis
1251 2710 1501 2774 nullum
1533 2710 1888 2793 exemplum
1921 2709 2264 2775 schematis
2302 2709 2478 2776 Pind.
2511 2710 2729 2775 afferri

379 2818 623 2902 potest,
689 2819 756 2882 et
820 2815 1196 2882 Eustathius
1265 2817 1436 2882 solus
1499 2839 1627 2882 uno
1683 2821 1938 2880 tantum
2006 2817 2145 2882 loco
2201 2816 2332 2882 sch.
2394 2815 2727 2883 Aeolicum

384 2927 862 3004 commemorat,
919 2924 1281 3007 putandum
1340 2927 1441 2989 est
1495 2925 1618 2991 hoc
1661 2945 1896 2988 nomen
1942 2923 2021 2989 ab
2065 2923 2411 2990 Eustathio
2458 2945 2731 3010 genera-

383 3029 534 3094 liter
593 3029 954 3097 adhibitum
1002 3052 1137 3096 esse
1152 3081 1167 3111 ‚
1228 3031 1396 3116 quod
1456 3029 1688 3096 Boeoti
1742 3029 1866 3115 ipsi
1924 3030 2004 3095 ad
2061 3028 2291 3096 Aeoles
2336 3031 2727 3097 referuntur.

388 3134 873 3204 Boeotorum
948 3143 1163 3206 autem
1237 3159 1479 3203 morem
1553 3159 1686 3202 esse
1750 3136 2022 3216 schema,
2088 3137 2260 3221 quod
2321 3137 2731 3205 Pindaricum

391 3244 788 3330 nominatur,
837 3270 877 3311 a
915 3247 1246 3312 veteribus
1304 3244 1745 3331 grammaticis
1791 3244 1999 3329 planis
2046 3244 2254 3310 verbis
2301 3247 2598 3324 docetur3
2648 3246 2728 3311 cf.

385 3350 600 3435 Apoll.
665 3351 854 3436 Dysc.
914 3358 982 3419 et
1035 3352 1312 3419 Lesbon.
1372 3352 1437 3417 ll.
1487 3375 1575 3417 cc.
1677 3351 1882 3435 Atqui
1936 3352 2107 3417 inter
2152 3355 2373 3436 poetas
2418 3356 2486 3420 et
2530 3354 2732 3439 scrip·

389 3460 563 3522 tores
609 3457 909 3525 Boeotios
953 3462 1212 3525 tantum
1257 3458 1426 3544 apud
1473 3456 1823 3523 Pindarum
1870 3441 2028 3523 illud
2074 3458 2327 3526 schema
2371 3461 2729 3537 invenitur3

387 3564 458 3629 in
524 3565 811 3651 reliquiis
881 3566 1143 3652 linguae
1200 3566 1545 3631 Boeoticae
1604 3565 1760 3652 ipsis
1815 3566 2064 3630 nullum
2123 3568 2204 3632 ad
2261 3589 2379 3633 nos
2443 3568 2735 3653 pervenit

386 3671 728 3739 schematis
785 3674 1147 3760 vestigium.
1253 3674 1391 3751 Qua
1446 3696 1516 3738 re
1576 3673 1760 3738 valde
1818 3672 1886 3738 in
1934 3671 2198 3739 dubium
2244 3678 2529 3756 vocatur,
2577 3696 2732 3740 num

387 3779 641 3846 schema
719 3779 1112 3847 Boeotorum
1186 3782 1515 3868 proprium
1581 3780 1802 3848 fuerit.
1905 3782 2205 3868 Augetur
2282 3785 2498 3847 autem
2579 3782 2736 3847 haec

389 3887 707 3967 dubitatio
757 3888 1145 3954 testimoniis
1201 3888 1560 3954 Heraclidis
1609 3888 1787 3973 apud
1830 3888 2013 3954 Eust.
2061 3889 2143 3955 ad
2189 3913 2244 3972 o,
2297 3888 2423 3953 106
2469 3892 2536 3953 et
2581 3889 2731 3973 287.

389 3995 496 4061 Ad
550 4021 615 4075 o,
684 3996 813 4061 106
871 3998 1043 4063 enim
1108 3996 1296 4063 dicit:
1372 4000 1665 4083 καθάπερ
1730 3996 1961 4072 ἐνίοις
2032 3995 2317 4062 Βοιωτῶν
2383 3996 2603 4074 ἔδοξεν,
2668 3994 2736 4059 id

390 4106 516 4168 est:
582 4106 659 4167 ut
684 4104 1100 4169 nonnullis
1177 4103 1567 4170 Boeotorum
1635 4104 1840 4169 visum
1904 4107 2003 4168 est
2065 4106 2197 4169 scil.
2268 4104 2531 4171 verbum
2599 4103 2736 4167 sin-

391 4212 614 4296 gulare
678 4233 796 4295 pro
864 4212 1099 4295 plurali
1167 4211 1490 4288 adhiberi3
1557 4233 1684 4295 quo
1741 4234 1818 4276 ex
1872 4211 2012 4277 loco
2066 4212 2282 4297 colligi
2338 4213 2552 4295 potest
2606 4232 2733 4277 non

395 4339 635 4398 omnes,
696 4318 806 4383 sed
860 4318 1203 4383 nonnullos
1262 4317 1451 4384 modo
1506 4317 1786 4383 Boeotos
1832 4320 2154 4385 schemate
2201 4317 2543 4383 Pindarico
2589 4339 2735 4382 usos

391 4437 545 4491 esse.
629 4424 728 4490 Ad
780 4448 835 4502 o,
890 4425 1013 4489 287
1076 4424 1303 4502 deinde
1370 4424 1676 4490 adnotat:
1743 4424 2027 4492 Βοιωτῶν
2086 4427 2393 4509 λέγεται
2452 4427 2735 4514 γλώσσης
