3226 5028
1504 280 1591 346 23

363 480 555 547 Hom.
586 478 667 561 A,
698 480 804 548 20.
878 481 1069 548 παῖδα
1114 478 1304 568 δ’ὲμοὶ
1349 482 1534 546 λῦσαί
1579 502 1644 544 τε
1691 480 1875 568 φίλην
1921 482 1997 544 τά
2025 475 2076 542 τ’
2123 476 2347 545 ἄποινα
2392 477 2711 567 δέχεσθαι.

365 588 439 666 Β,
491 586 592 654 75.
671 585 840 677 ὃμεῖς
887 588 940 655 δ’
987 588 1261 654 ἄλλοθεν
1309 587 1492 652 ἄλλοι
1538 585 1811 676 ἐρητύειν
1856 585 2148 652 ἐπέεσσιν.

364 724 490 779 σεῖο
534 713 603 779 in
631 736 691 778 V.
723 712 875 793 500,
924 711 1094 798 quod
1122 711 1501 778 Ruhnkenii
1544 711 1886 778 lectionem
1914 710 2186 795 probare
2215 708 2490 789 videtur,
2537 708 2712 776 Bau-

363 821 651 887 meisteri
696 819 1149 887 auctoritatem
1195 820 1400 885 secuti
1446 840 1577 884 non
1622 818 1859 882 mirum
1887 816 2304 896 inveniemus,
2338 838 2482 882 cum
2517 820 2713 883 antea

365 930 707 1013 utramque
764 926 951 993 deam
1008 926 1402 993 invocaverit
1456 929 1671 1011 poeta,
1729 926 1800 991 in
1845 926 2126 992 clausula
2169 923 2398 991 deinde
2444 925 2714 992 solemni

367 1034 449 1100 ad
478 1032 772 1100 Cererem
818 1033 1057 1111 redeat,
1104 1034 1208 1100 cui
1252 1036 1465 1098 totum
1511 1055 1773 1100 carmen
1809 1030 2174 1097 dedicatum
2217 1031 2323 1097 sit.
2399 1030 2713 1098 Similiter

363 1142 565 1207 etiam
630 1141 750 1206 sub
815 1141 1010 1207 finem
1077 1145 1271 1226 poeta
1338 1139 1419 1205 ad
1485 1138 1673 1205 deam
1742 1137 1932 1217 redit,
1999 1160 2165 1222 quae
2237 1139 2495 1222 proprie
2567 1142 2711 1205 toto

366 1247 650 1314 carmine
707 1247 1097 1329 celebratur,
1162 1248 1229 1313 in
1278 1247 1342 1313 h.
1390 1248 1462 1312 in
1508 1246 1786 1312 Dianam
1837 1246 1894 1310 7:

630 1388 761 1455 Καὶ
804 1392 877 1455 σὺ
924 1394 1033 1477 μὲν
1081 1385 1238 1456 οὕτω
1286 1400 1470 1478 χαῖρε
1514 1393 1696 1455 θεαί
1754 1386 1959 1476 θ’ἅμα
2004 1400 2242 1454 πᾶσαι
2289 1388 2499 1474 ἀοιδῇ·

633 1492 827 1582 αὐτὰρ
873 1494 992 1579 ἐγώ
1040 1519 1120 1562 σε
1164 1508 1379 1582 πρῶτα
1423 1501 1531 1563 καὶ
1575 1495 1649 1563 ἐκ
1693 1498 1920 1561 σέθεν
1968 1494 2197 1584 ἄρχομ’
2222 1496 2487 1575 ἀείδειν,

631 1614 756 1671 σεῦ
803 1603 974 1687 δἐγὼ
1021 1603 1362 1690 ἀρξάμενος
1409 1607 1840 1693 μεταβήσομαι
1886 1603 2081 1669 ἄλλον
2127 1602 2193 1679 ἐς
2239 1599 2445 1691 ὕμνον.

363 1746 609 1814 Eadem
654 1750 870 1814 autem
916 1748 1205 1814 clausula

634 1869 829 1959 αότὰρ
875 1870 995 1955 ἐγὼ
1040 1876 1148 1939 καὶ
1193 1882 1318 1938 σεῖο
1363 1875 1471 1938 καὶ
1517 1870 1721 1960 ἄλλης
1768 1869 2032 1958 μνήσομ’
2078 1870 2293 1958 ἀοιδῆς

364 2015 732 2099 saepissime
800 2015 870 2080 in
937 2017 1067 2081 fine
1133 2015 1522 2099 hymnorum
1589 2015 1948 2091 invenitur3
2018 2014 2099 2078 cf.
2175 2011 2476 2078 editionis
2540 2012 2714 2078 Bau-

363 2121 650 2188 meisteri
706 2120 980 2208 hymnos
1034 2120 1120 2202 II,
1180 2120 1299 2202 ΙΙΙ,
1350 2119 1492 2201 VII,
1552 2119 1634 2199 X,
1692 2119 1865 2199 XIX,
1913 2118 2218 2200 XXVIII,
2263 2118 2462 2186 XXX.
2569 2118 2715 2185 Nisi

363 2229 612 2296 codices
657 2232 882 2296 nostro
927 2229 1066 2296 loco
1111 2239 1237 2295 σεῖο
1280 2229 1469 2314 plane
1514 2226 1918 2311 praeberent,
1967 2228 2172 2292 multo
2212 2227 2423 2311 aptior
2452 2224 2709 2311 quidem

364 2338 528 2401 esset
594 2336 908 2415 clausula,
980 2357 1176 2420 quam
1231 2336 1296 2401 h.
1354 2332 1555 2414 XXV,
1616 2333 1899 2413 XXVII,
1958 2333 2205 2414 XXIX,
2261 2332 2544 2400 XXXIII
2604 2332 2716 2399 ad·

363 2442 619 2508 hibent:
1126 2441 1128 2445 ¹

670 2546 866 2636 αὐτὰρ
912 2548 1066 2633 ἐγὼν
1112 2546 1313 2637 ὑμέων
1361 2572 1424 2614 τε
1469 2554 1576 2616 καὶ
1625 2548 1828 2638 ἄλλης
1875 2547 2138 2637 μνήσομ’
2184 2549 2419 2637 ἀοιδῆς.

362 2674 555 2741 Haud
603 2674 735 2743 scio
786 2698 871 2742 an
917 2677 1139 2741 nostro
1185 2676 1324 2742 loco
1371 2674 1524 2758 ἐγὼν
1571 2670 1773 2761 ὑμέων
1821 2697 1885 2739 τε
1931 2671 2402 2740 restituendum
2449 2672 2555 2738 sit.

542 2815 1034 2902 Apollonius
1092 2815 1451 2883 Rhodius
1513 2814 1763 2882 duobus
1826 2816 1982 2882 locis
2046 2817 2211 2904 ᾔδειν
2278 2815 2405 2899 (vel
2468 2813 2715 2903 ἠείδειν)

368 2946 509 2988 cum
570 2923 829 2990 nomine
884 2922 1122 3008 plurali
1178 2925 1548 3009 coniungit,
1610 2944 1884 3007 quorum
1942 2923 2109 2989 alter
2155 2922 2421 2989 verbum
2468 2922 2714 2988 nomini

363 3030 792 3115 postpositum
836 3030 1132 3114 praebet:

366 3157 609 3250 Argon.
659 3156 745 3237 Π,
795 3154 881 3220 65
929 3203 1213 3222 .....
1243 3151 1403 3230 ,οὐδὲ
1448 3179 1504 3221 τι
1548 3157 1715 3244 ᾔδειν

791 3270 991 3352 νήπιοι
1035 3259 1270 3329 ὕστατα
1316 3273 1488 3329 κεῖνα

365 3393 431 3456 et
468 3388 580 3468 IV,
619 3387 790 3453 1699
842 3383 1017 3452 αὐτοὶ
1061 3386 1113 3452 δ’
1163 3437 1178 3452 .
1230 3436 1244 3452 .
1296 3437 1311 3453 .

836 3491 1054 3581 ἠειδείν
1102 3489 1228 3558 οὔδ’
1276 3492 1478 3559 ὅσσον.

368 3618 579 3686 Schol.
627 3618 696 3684 in
752 3618 836 3698 II,
887 3619 1091 3701 651⁵),
1147 3617 1314 3702 quod
1371 3618 1620 3684 Keilius
1677 3619 1748 3684 in
1803 3618 1901 3684 ed.
1950 3619 2241 3686 Merkelii
2298 3642 2361 3704 p.
2411 3618 2543 3685 300
2586 3641 2718 3684 non

365 3725 749 3811 antiquioris
813 3724 1159 3794 memoriae
1224 3725 1409 3791 fidem
1477 3724 1601 3790 sibi
1668 3725 1994 3793 vindicare
2050 3729 2273 3811 putat,
2343 3728 2510 3815 ᾔδειν
2576 3725 2715 3792 sine

366 3834 560 3900 dubio
618 3834 1014 3924 singularem
1072 3854 1208 3900 esse
1265 3832 1541 3898 formam
1602 3832 1812 3912 ducit3
1882 3836 1955 3899 at
2010 3837 2078 3900 et
2134 3835 2302 3923 ᾔδειν
2364 3838 2432 3900 et
2497 3832 2716 3922 ἠείδειν

366 3944 520 4007 sunt
575 3942 856 4029 plurales
915 3939 1165 4006 formae
1211 3938 1315 4025 (de
1361 3939 1591 4024 quibus
1639 3941 2006 4006 conferatur
2051 3938 2332 4018 Curtius,
2382 3939 2573 4006 Verb.
2630 3939 2715 4018 11,

366 4047 496 4112 239
554 4050 620 4113 et
675 4046 1003 4127 Kuehner,
1078 4067 1176 4132 gr.
1239 4068 1339 4133 gr.
1396 4048 1432 4130 ξ
1480 4045 1632 4126 321,
1691 4046 1758 4129 6)
1817 4047 2014 4113 simili
2070 4045 2262 4113 modo
2323 4051 2585 4113 exortae
2642 4047 2718 4109 ut

365 4153 462 4243 ἦν,
510 4152 587 4219 de
633 4176 760 4240 quo
807 4176 946 4238 cap.
979 4152 1041 4219 V
1071 4152 1473 4233 disseremus,
1521 4157 1589 4219 et
1637 4153 1906 4242 ἀρηρειν,
1955 4153 2169 4237 Apoll.
2223 4153 2385 4239 Arg.
2415 4152 2528 4234 IV,
2563 4150 2716 4217 947.

544 4364 613 4437 ιὅ)
650 4364 725 4419 Τὸ
762 4365 815 4420 δὲ
850 4364 986 4437 ᾔδειν
1022 4366 1129 4421 ἀντὶ
1163 4374 1250 4421 τοῦ
1289 4365 1635 4440 πληθυντικοῦ
1672 4371 1829 4419 κεῖται
1876 4372 1962 4419 τοῦ
1998 4363 2218 4440 ᾔδεισαν,
2265 4364 2335 4431 ὡς
2372 4365 2459 4419 καὶ
2494 4365 2566 4426 τό,
2603 4371 2717 4438 τῆς

366 4450 499 4531 δ’ἦν
533 4461 704 4528 τρεῖς
739 4453 1036 4528 κεφαλαί.
