<?xml version="1.0" encoding="UTF-8"?>
<!DOCTYPE html PUBLIC "-//W3C//DTD XHTML 1.0 Transitional//EN"
    "http://www.w3.org/TR/xhtml1/DTD/xhtml1-transitional.dtd">
<html xmlns="http://www.w3.org/1999/xhtml" xml:lang="en" lang="en">
 <head>
  <title>
</title>
<meta http-equiv="Content-Type" content="text/html;charset=utf-8" />
  <meta name='ocr-system' content='tesseract 3.04.00' />
  <meta name='ocr-capabilities' content='ocr_page ocr_carea ocr_par ocr_line ocrx_word'/>
</head>
<body>
  <div class='ocr_page' id='page_1' title='image "./deschematepinda00wilpgoog_0047.png"; bbox 0 0 3226 5028; ppageno 0'>
   <div class='ocr_carea' id='block_1_1' title="bbox 1566 233 1654 297">
    <p class='ocr_par' dir='ltr' id='par_1_1' title="bbox 1566 233 1654 297">
     <span class='ocr_line' id='line_1_1' title="bbox 1566 233 1654 297; baseline -0.011 0"><span class='ocrx_word' id='word_1_1' title='bbox 1566 233 1654 297; x_wconf 85' lang='lat'>39</span> 
     </span>
    </p>
   </div>
   <div class='ocr_carea' id='block_1_2' title="bbox 1388 325 1816 335">
    <p class='ocr_par' dir='ltr' id='par_1_2' title="bbox 1388 325 1816 335">
     <span class='ocr_line' id='line_1_2' title="bbox 1388 325 1816 335; baseline 0 4693"><span class='ocrx_word' id='word_1_2' title='bbox 1388 325 1816 335; x_wconf 95' lang='lat' dir='ltr'> </span> 
     </span>
    </p>
   </div>
   <div class='ocr_carea' id='block_1_3' title="bbox 423 427 2778 733">
    <p class='ocr_par' dir='ltr' id='par_1_3' title="bbox 423 427 2778 733">
     <span class='ocr_line' id='line_1_3' title="bbox 428 427 2775 515; baseline -0 -17"><span class='ocrx_word' id='word_1_3' title='bbox 428 434 547 511; x_wconf 84' lang='lat'>39;</span> <span class='ocrx_word' id='word_1_4' title='bbox 607 432 689 499; x_wconf 88' lang='lat' dir='ltr'>A.</span> <span class='ocrx_word' id='word_1_5' title='bbox 749 430 985 510; x_wconf 87' lang='lat' dir='ltr'>Rzach,</span> <span class='ocrx_word' id='word_1_6' title='bbox 1047 434 1160 498; x_wconf 92' lang='lat' dir='ltr'>der</span> <span class='ocrx_word' id='word_1_7' title='bbox 1216 431 1482 497; x_wconf 89' lang='lat' dir='ltr'>Dialckt</span> <span class='ocrx_word' id='word_1_8' title='bbox 1537 430 1647 495; x_wconf 94' lang='lat' dir='ltr'>des</span> <span class='ocrx_word' id='word_1_9' title='bbox 1694 429 1940 496; x_wconf 86' lang='lat' dir='ltr'>Hesiod</span> <span class='ocrx_word' id='word_1_10' title='bbox 1985 428 2413 515; x_wconf 87' lang='lat' dir='ltr'>(Fleckeisens</span> <span class='ocrx_word' id='word_1_11' title='bbox 2455 427 2679 497; x_wconf 80' lang='lat' dir='ltr'><strong>Jahrb.</strong></span> <span class='ocrx_word' id='word_1_12' title='bbox 2728 432 2775 497; x_wconf 87' lang='lat' dir='ltr'>f.</span> 
     </span>
     <span class='ocr_line' id='line_1_4' title="bbox 425 536 2778 624; baseline -0.001 -18"><span class='ocrx_word' id='word_1_13' title='bbox 425 542 620 606; x_wconf 90' lang='lat' dir='ltr'>klass.</span> <span class='ocrx_word' id='word_1_14' title='bbox 682 540 847 606; x_wconf 88' lang='lat' dir='ltr'><strong>Phil.</strong></span> <span class='ocrx_word' id='word_1_15' title='bbox 907 539 1125 624; x_wconf 85' lang='lat' dir='ltr'><strong>Suppl.</strong></span> <span class='ocrx_word' id='word_1_16' title='bbox 1172 537 1351 618; x_wconf 90' lang='lat' dir='ltr'>VIlI,</span> <span class='ocrx_word' id='word_1_17' title='bbox 1410 561 1473 622; x_wconf 88' lang='lat' dir='ltr'>p.</span> <span class='ocrx_word' id='word_1_18' title='bbox 1521 537 1702 621; x_wconf 88' lang='lat'>456).</span> <span class='ocrx_word' id='word_1_19' title='bbox 1794 536 1931 602; x_wconf 89' lang='lat' dir='ltr'>Nos</span> <span class='ocrx_word' id='word_1_20' title='bbox 1989 558 2242 621; x_wconf 88' lang='lat' dir='ltr'>quoque</span> <span class='ocrx_word' id='word_1_21' title='bbox 2287 538 2517 603; x_wconf 90' lang='lat' dir='ltr'>horum</span> <span class='ocrx_word' id='word_1_22' title='bbox 2563 540 2778 624; x_wconf 90' lang='lat' dir='ltr'>sequi-</span> 
     </span>
     <span class='ocr_line' id='line_1_5' title="bbox 423 643 2774 733; baseline -0.002 -19"><span class='ocrx_word' id='word_1_23' title='bbox 423 671 566 714; x_wconf 90' lang='lat' dir='ltr'>mus</span> <span class='ocrx_word' id='word_1_24' title='bbox 641 647 1035 714; x_wconf 87' lang='lat' dir='ltr'>sententiam</span> <span class='ocrx_word' id='word_1_25' title='bbox 1108 647 1223 727; x_wconf 90' lang='lat' dir='ltr'>ita,</span> <span class='ocrx_word' id='word_1_26' title='bbox 1295 648 1370 709; x_wconf 84' lang='lat' dir='ltr'>ut</span> <span class='ocrx_word' id='word_1_27' title='bbox 1436 643 1512 733; x_wconf 85' lang='grc' dir='ltr'>ἧν</span> <span class='ocrx_word' id='word_1_28' title='bbox 1576 644 1966 733; x_wconf 79' lang='lat' dir='ltr'>Hesiodeum</span> <span class='ocrx_word' id='word_1_29' title='bbox 2032 645 2283 729; x_wconf 81' lang='lat' dir='ltr'>plurale</span> <span class='ocrx_word' id='word_1_30' title='bbox 2347 664 2484 710; x_wconf 84' lang='lat' dir='ltr'>esse</span> <span class='ocrx_word' id='word_1_31' title='bbox 2547 645 2774 712; x_wconf 91' lang='lat' dir='ltr'>docere</span> 
     </span>
    </p>
   </div>
   <div class='ocr_carea' id='block_1_4' title="bbox 423 754 814 821">
    <p class='ocr_par' dir='ltr' id='par_1_4' title="bbox 423 754 814 821">
     <span class='ocr_line' id='line_1_6' title="bbox 423 754 814 821; baseline 0 -1"><span class='ocrx_word' id='word_1_32' title='bbox 423 754 814 821; x_wconf 87' lang='lat' dir='ltr'>studeamus.</span> 
     </span>
    </p>
   </div>
   <div class='ocr_carea' id='block_1_5' title="bbox 417 894 2776 3488">
    <p class='ocr_par' dir='ltr' id='par_1_5' title="bbox 417 894 2776 3488">
     <span class='ocr_line' id='line_1_7' title="bbox 606 894 2775 983; baseline -0.001 -21"><span class='ocrx_word' id='word_1_33' title='bbox 606 897 751 963; x_wconf 93' lang='lat' dir='ltr'>Duo</span> <span class='ocrx_word' id='word_1_34' title='bbox 810 896 995 963; x_wconf 89' lang='lat' dir='ltr'>nobis</span> <span class='ocrx_word' id='word_1_35' title='bbox 1054 898 1213 962; x_wconf 90' lang='lat' dir='ltr'>nota</span> <span class='ocrx_word' id='word_1_36' title='bbox 1272 899 1426 961; x_wconf 87' lang='lat' dir='ltr'>sunt</span> <span class='ocrx_word' id='word_1_37' title='bbox 1484 895 1775 978; x_wconf 88' lang='lat' dir='ltr'>exempla</span> <span class='ocrx_word' id='word_1_38' title='bbox 1830 894 1906 983; x_wconf 83' lang='grc' dir='ltr'>ἧν</span> <span class='ocrx_word' id='word_1_39' title='bbox 1966 917 2112 960; x_wconf 92' lang='lat' dir='ltr'>cum</span> <span class='ocrx_word' id='word_1_40' title='bbox 2166 894 2406 981; x_wconf 80' lang='lat' dir='ltr'><strong>plurali</strong></span> <span class='ocrx_word' id='word_1_41' title='bbox 2451 895 2775 962; x_wconf 89' lang='lat' dir='ltr'>coniuncti</span> 
     </span>
     <span class='ocr_line' id='line_1_8' title="bbox 425 1004 775 1071; baseline 0 -1"><span class='ocrx_word' id='word_1_42' title='bbox 425 1004 775 1071; x_wconf 83' lang='lat' dir='ltr'>Hesiodea:</span> 
     </span>
     <span class='ocr_line' id='line_1_9' title="bbox 424 1126 1759 1217; baseline -0.004 -21"><span class='ocrx_word' id='word_1_43' title='bbox 424 1132 669 1216; x_wconf 86' lang='lat' dir='ltr'>Theog.</span> <span class='ocrx_word' id='word_1_44' title='bbox 719 1128 868 1193; x_wconf 81' lang='lat'>321.</span> <span class='ocrx_word' id='word_1_45' title='bbox 927 1140 1038 1217; x_wconf 86' lang='grc' dir='ltr'>τῆς</span> <span class='ocrx_word' id='word_1_46' title='bbox 1085 1126 1217 1217; x_wconf 81' lang='grc' dir='ltr'>δ’ἦν</span> <span class='ocrx_word' id='word_1_47' title='bbox 1262 1137 1420 1213; x_wconf 86' lang='grc' dir='ltr'>τρεῖς</span> <span class='ocrx_word' id='word_1_48' title='bbox 1465 1127 1759 1215; x_wconf 72' lang='grc' dir='ltr'>κεφαλαί,</span> 
     </span>
     <span class='ocr_line' id='line_1_10' title="bbox 425 1231 2199 1322; baseline -0.003 -19"><span class='ocrx_word' id='word_1_49' title='bbox 425 1240 493 1303; x_wconf 88' lang='lat' dir='ltr'>et</span> <span class='ocrx_word' id='word_1_50' title='bbox 538 1235 692 1302; x_wconf 90' lang='lat' dir='ltr'><strong>ibid.</strong></span> <span class='ocrx_word' id='word_1_51' title='bbox 744 1235 894 1301; x_wconf 82' lang='lat'><strong>825.</strong></span> <span class='ocrx_word' id='word_1_52' title='bbox 955 1234 1027 1302; x_wconf 75' lang='grc' dir='ltr'>ἐκ</span> <span class='ocrx_word' id='word_1_53' title='bbox 1072 1237 1140 1300; x_wconf 82' lang='grc' dir='ltr'>δέ</span> <span class='ocrx_word' id='word_1_54' title='bbox 1185 1232 1241 1301; x_wconf 86' lang='grc' dir='ltr'>οἱ</span> <span class='ocrx_word' id='word_1_55' title='bbox 1289 1234 1473 1321; x_wconf 79' lang='grc' dir='ltr'><strong>ὤμων</strong></span> <span class='ocrx_word' id='word_1_56' title='bbox 1519 1232 1595 1321; x_wconf 87' lang='grc' dir='ltr'>ἧν</span> <span class='ocrx_word' id='word_1_57' title='bbox 1643 1231 1861 1299; x_wconf 79' lang='grc' dir='ltr'>ἑκατὸν</span> <span class='ocrx_word' id='word_1_58' title='bbox 1906 1233 2199 1322; x_wconf 76' lang='grc' dir='ltr'>κεφαλαί.</span> 
     </span>
     <span class='ocr_line' id='line_1_11' title="bbox 423 1357 2774 1444; baseline -0.001 -15"><span class='ocrx_word' id='word_1_59' title='bbox 423 1362 720 1429; x_wconf 81' lang='lat' dir='ltr'><strong>Vidimus</strong></span> <span class='ocrx_word' id='word_1_60' title='bbox 765 1361 883 1428; x_wconf 94' lang='lat' dir='ltr'>hos</span> <span class='ocrx_word' id='word_1_61' title='bbox 931 1360 1088 1426; x_wconf 93' lang='lat' dir='ltr'>duos</span> <span class='ocrx_word' id='word_1_62' title='bbox 1134 1360 1304 1425; x_wconf 93' lang='lat' dir='ltr'>locos</span> <span class='ocrx_word' id='word_1_63' title='bbox 1349 1359 1521 1423; x_wconf 90' lang='lat' dir='ltr'>inter</span> <span class='ocrx_word' id='word_1_64' title='bbox 1567 1380 1634 1422; x_wconf 92' lang='lat' dir='ltr'>se</span> <span class='ocrx_word' id='word_1_65' title='bbox 1676 1357 2066 1443; x_wconf 90' lang='lat' dir='ltr'>propinquos</span> <span class='ocrx_word' id='word_1_66' title='bbox 2095 1380 2265 1437; x_wconf 81' lang='lat' dir='ltr'>esse3</span> <span class='ocrx_word' id='word_1_67' title='bbox 2314 1381 2470 1424; x_wconf 87' lang='lat' dir='ltr'>nam</span> <span class='ocrx_word' id='word_1_68' title='bbox 2500 1360 2774 1444; x_wconf 89' lang='lat' dir='ltr'>utroque</span> 
     </span>
     <span class='ocr_line' id='line_1_12' title="bbox 424 1464 2772 1559; baseline -0.002 -22"><span class='ocrx_word' id='word_1_69' title='bbox 424 1469 504 1559; x_wconf 81' lang='grc' dir='ltr'>ἦν</span> <span class='ocrx_word' id='word_1_70' title='bbox 563 1491 707 1534; x_wconf 92' lang='lat' dir='ltr'>cum</span> <span class='ocrx_word' id='word_1_71' title='bbox 765 1467 985 1533; x_wconf 88' lang='lat' dir='ltr'>eodem</span> <span class='ocrx_word' id='word_1_72' title='bbox 1042 1467 1300 1533; x_wconf 89' lang='lat' dir='ltr'>nomine</span> <span class='ocrx_word' id='word_1_73' title='bbox 1357 1465 1591 1553; x_wconf 86' lang='lat' dir='ltr'><strong>plurali</strong></span> <span class='ocrx_word' id='word_1_74' title='bbox 1639 1470 1704 1531; x_wconf 84' lang='lat' dir='ltr'>et</span> <span class='ocrx_word' id='word_1_75' title='bbox 1751 1487 1826 1531; x_wconf 92' lang='lat' dir='ltr'>eo</span> <span class='ocrx_word' id='word_1_76' title='bbox 1873 1464 2130 1549; x_wconf 91' lang='lat' dir='ltr'>quidem</span> <span class='ocrx_word' id='word_1_77' title='bbox 2177 1466 2460 1532; x_wconf 88' lang='lat' dir='ltr'>numeris</span> <span class='ocrx_word' id='word_1_78' title='bbox 2508 1466 2772 1533; x_wconf 88' lang='lat' dir='ltr'>definito</span> 
     </span>
     <span class='ocr_line' id='line_1_13' title="bbox 425 1571 2776 1664; baseline -0.001 -23"><span class='ocrx_word' id='word_1_79' title='bbox 425 1579 532 1642; x_wconf 91' lang='lat' dir='ltr'>est</span> <span class='ocrx_word' id='word_1_80' title='bbox 577 1598 907 1657; x_wconf 82' lang='lat' dir='ltr'>conexum,</span> <span class='ocrx_word' id='word_1_81' title='bbox 956 1578 1234 1659; x_wconf 90' lang='lat' dir='ltr'>utroque</span> <span class='ocrx_word' id='word_1_82' title='bbox 1279 1574 1355 1664; x_wconf 83' lang='grc' dir='ltr'>ἦν</span> <span class='ocrx_word' id='word_1_83' title='bbox 1401 1574 1687 1639; x_wconf 86' lang='lat' dir='ltr'>subiecto</span> <span class='ocrx_word' id='word_1_84' title='bbox 1733 1571 2080 1658; x_wconf 88' lang='lat' dir='ltr'>praecedit.</span> <span class='ocrx_word' id='word_1_85' title='bbox 2158 1573 2301 1640; x_wconf 93' lang='lat' dir='ltr'>Hoc</span> <span class='ocrx_word' id='word_1_86' title='bbox 2345 1595 2464 1639; x_wconf 90' lang='lat' dir='ltr'>nos</span> <span class='ocrx_word' id='word_1_87' title='bbox 2501 1595 2776 1639; x_wconf 92' lang='lat' dir='ltr'>commo-</span> 
     </span>
     <span class='ocr_line' id='line_1_14' title="bbox 426 1679 2771 1768; baseline -0.001 -19"><span class='ocrx_word' id='word_1_88' title='bbox 426 1706 571 1749; x_wconf 84' lang='lat' dir='ltr'>vere</span> <span class='ocrx_word' id='word_1_89' title='bbox 629 1683 853 1768; x_wconf 88' lang='lat' dir='ltr'>possit,</span> <span class='ocrx_word' id='word_1_90' title='bbox 911 1688 987 1747; x_wconf 86' lang='lat' dir='ltr'>ut</span> <span class='ocrx_word' id='word_1_91' title='bbox 1044 1682 1175 1747; x_wconf 93' lang='lat' dir='ltr'>sch.</span> <span class='ocrx_word' id='word_1_92' title='bbox 1234 1680 1305 1746; x_wconf 92' lang='lat' dir='ltr'>P.</span> <span class='ocrx_word' id='word_1_93' title='bbox 1365 1683 1750 1758; x_wconf 90' lang='lat' dir='ltr'>statuamus,</span> <span class='ocrx_word' id='word_1_94' title='bbox 1813 1681 2194 1764; x_wconf 86' lang='lat' dir='ltr'>praesertim</span> <span class='ocrx_word' id='word_1_95' title='bbox 2241 1680 2298 1745; x_wconf 91' lang='lat' dir='ltr'>si</span> <span class='ocrx_word' id='word_1_96' title='bbox 2342 1682 2516 1746; x_wconf 92' lang='lat' dir='ltr'>locos</span> <span class='ocrx_word' id='word_1_97' title='bbox 2562 1679 2771 1746; x_wconf 89' lang='lat' dir='ltr'>Hero-</span> 
     </span>
     <span class='ocr_line' id='line_1_15' title="bbox 423 1784 2767 1873; baseline -0.002 -17"><span class='ocrx_word' id='word_1_98' title='bbox 423 1791 643 1856; x_wconf 89' lang='lat' dir='ltr'>doteos</span> <span class='ocrx_word' id='word_1_99' title='bbox 688 1812 748 1873; x_wconf 88' lang='lat' dir='ltr'>p.</span> <span class='ocrx_word' id='word_1_100' title='bbox 784 1789 867 1853; x_wconf 88' lang='lat'>13</span> <span class='ocrx_word' id='word_1_101' title='bbox 920 1791 1152 1855; x_wconf 90' lang='lat' dir='ltr'>allatos</span> <span class='ocrx_word' id='word_1_102' title='bbox 1198 1788 1603 1853; x_wconf 80' lang='lat' dir='ltr'>conferimuS.</span> <span class='ocrx_word' id='word_1_103' title='bbox 1678 1784 1770 1850; x_wconf 88' lang='lat' dir='ltr'>At</span> <span class='ocrx_word' id='word_1_104' title='bbox 1815 1787 2086 1852; x_wconf 89' lang='lat' dir='ltr'>interest</span> <span class='ocrx_word' id='word_1_105' title='bbox 2132 1788 2303 1853; x_wconf 88' lang='lat' dir='ltr'>inter</span> <span class='ocrx_word' id='word_1_106' title='bbox 2347 1787 2469 1855; x_wconf 91' lang='lat' dir='ltr'>hoc</span> <span class='ocrx_word' id='word_1_107' title='bbox 2516 1791 2581 1854; x_wconf 90' lang='lat' dir='ltr'>et</span> <span class='ocrx_word' id='word_1_108' title='bbox 2611 1787 2767 1854; x_wconf 89' lang='lat' dir='ltr'>illud</span> 
     </span>
     <span class='ocr_line' id='line_1_16' title="bbox 424 1892 2772 1982; baseline -0 -20"><span class='ocrx_word' id='word_1_109' title='bbox 424 1918 626 1982; x_wconf 82' lang='lat' dir='ltr'>genus</span> <span class='ocrx_word' id='word_1_110' title='bbox 671 1895 941 1963; x_wconf 91' lang='lat' dir='ltr'>dicendi.</span> <span class='ocrx_word' id='word_1_111' title='bbox 1019 1895 1247 1980; x_wconf 88' lang='lat' dir='ltr'>Neque·</span> <span class='ocrx_word' id='word_1_112' title='bbox 1289 1895 1463 1960; x_wconf 90' lang='lat' dir='ltr'>enim</span> <span class='ocrx_word' id='word_1_113' title='bbox 1508 1893 1886 1972; x_wconf 90' lang='lat' dir='ltr'>subiectum,</span> <span class='ocrx_word' id='word_1_114' title='bbox 1932 1915 2061 1979; x_wconf 90' lang='lat' dir='ltr'>quo</span> <span class='ocrx_word' id='word_1_115' title='bbox 2092 1892 2412 1959; x_wconf 78' lang='lat' dir='ltr'>Hesiodus</span> <span class='ocrx_word' id='word_1_116' title='bbox 2440 1894 2670 1975; x_wconf 89' lang='lat' dir='ltr'>utitur,</span> <span class='ocrx_word' id='word_1_117' title='bbox 2703 1894 2772 1961; x_wconf 92' lang='lat' dir='ltr'>in</span> 
     </span>
     <span class='ocr_line' id='line_1_17' title="bbox 422 2000 2772 2090; baseline -0.001 -22"><span class='ocrx_word' id='word_1_118' title='bbox 422 2027 616 2070; x_wconf 89' lang='lat' dir='ltr'>unam</span> <span class='ocrx_word' id='word_1_119' title='bbox 671 2004 964 2090; x_wconf 87' lang='lat' dir='ltr'>redigere</span> <span class='ocrx_word' id='word_1_120' title='bbox 1024 2003 1353 2068; x_wconf 89' lang='lat' dir='ltr'>notionem</span> <span class='ocrx_word' id='word_1_121' title='bbox 1413 2023 1781 2088; x_wconf 90' lang='lat' dir='ltr'>possumus;</span> <span class='ocrx_word' id='word_1_122' title='bbox 1842 2005 2037 2067; x_wconf 90' lang='lat' dir='ltr'>immo</span> <span class='ocrx_word' id='word_1_123' title='bbox 2083 2001 2154 2066; x_wconf 92' lang='lat' dir='ltr'>in</span> <span class='ocrx_word' id='word_1_124' title='bbox 2198 2000 2440 2086; x_wconf 84' lang='lat' dir='ltr'><strong>plurali</strong></span> <span class='ocrx_word' id='word_1_125' title='bbox 2485 2001 2625 2086; x_wconf 94' lang='lat' dir='ltr'>ipso</span> <span class='ocrx_word' id='word_1_126' title='bbox 2667 2002 2772 2067; x_wconf 91' lang='lat' dir='ltr'>his</span> 
     </span>
     <span class='ocr_line' id='line_1_18' title="bbox 421 2107 2774 2193; baseline -0 -18"><span class='ocrx_word' id='word_1_127' title='bbox 421 2112 577 2177; x_wconf 90' lang='lat' dir='ltr'>locis</span> <span class='ocrx_word' id='word_1_128' title='bbox 625 2112 793 2177; x_wconf 91' lang='lat' dir='ltr'>inest</span> <span class='ocrx_word' id='word_1_129' title='bbox 839 2132 1090 2176; x_wconf 91' lang='lat' dir='ltr'>summa</span> <span class='ocrx_word' id='word_1_130' title='bbox 1134 2108 1503 2189; x_wconf 76' lang='lat' dir='ltr'>enuntiati,¹</span> <span class='ocrx_word' id='word_1_131' title='bbox 1545 2109 1615 2173; x_wconf 91' lang='lat' dir='ltr'>in</span> <span class='ocrx_word' id='word_1_132' title='bbox 1662 2132 1928 2175; x_wconf 91' lang='lat' dir='ltr'>numero</span> <span class='ocrx_word' id='word_1_133' title='bbox 1973 2108 2240 2174; x_wconf 85' lang='lat' dir='ltr'>definito</span> <span class='ocrx_word' id='word_1_134' title='bbox 2287 2107 2384 2172; x_wconf 84' lang='lat' dir='ltr'>vis</span> <span class='ocrx_word' id='word_1_135' title='bbox 2430 2109 2774 2193; x_wconf 89' lang='lat' dir='ltr'>praecipua</span> 
     </span>
     <span class='ocr_line' id='line_1_19' title="bbox 426 2215 2771 2302; baseline -0.001 -19"><span class='ocrx_word' id='word_1_136' title='bbox 426 2222 541 2283; x_wconf 88' lang='lat' dir='ltr'>est.</span> <span class='ocrx_word' id='word_1_137' title='bbox 651 2217 1004 2284; x_wconf 83' lang='lat' dir='ltr'>Schematis</span> <span class='ocrx_word' id='word_1_138' title='bbox 1069 2218 1471 2283; x_wconf 89' lang='lat' dir='ltr'>liberrimum</span> <span class='ocrx_word' id='word_1_139' title='bbox 1536 2239 1721 2282; x_wconf 89' lang='lat' dir='ltr'>usum</span> <span class='ocrx_word' id='word_1_140' title='bbox 1787 2217 2128 2302; x_wconf 86' lang='lat' dir='ltr'><strong>quominus</strong></span> <span class='ocrx_word' id='word_1_141' title='bbox 2191 2218 2551 2282; x_wconf 76' lang='lat' dir='ltr'>statuamus</span> <span class='ocrx_word' id='word_1_142' title='bbox 2614 2215 2771 2282; x_wconf 90' lang='lat' dir='ltr'>locis</span> 
     </span>
     <span class='ocr_line' id='line_1_20' title="bbox 423 2321 2770 2409; baseline 0 -21"><span class='ocrx_word' id='word_1_143' title='bbox 423 2325 576 2390; x_wconf 86' lang='lat' dir='ltr'><strong>Eur.</strong></span> <span class='ocrx_word' id='word_1_144' title='bbox 625 2324 780 2390; x_wconf 88' lang='lat' dir='ltr'>Hec.</span> <span class='ocrx_word' id='word_1_145' title='bbox 836 2325 1027 2405; x_wconf 89' lang='lat'>1000,</span> <span class='ocrx_word' id='word_1_146' title='bbox 1087 2324 1291 2390; x_wconf 89' lang='lat' dir='ltr'>Arist.</span> <span class='ocrx_word' id='word_1_147' title='bbox 1339 2347 1512 2409; x_wconf 85' lang='lat' dir='ltr'>vesp.</span> <span class='ocrx_word' id='word_1_148' title='bbox 1561 2322 1670 2403; x_wconf 87' lang='lat'>58,</span> <span class='ocrx_word' id='word_1_149' title='bbox 1720 2325 1890 2390; x_wconf 90' lang='lat' dir='ltr'>Plat.</span> <span class='ocrx_word' id='word_1_150' title='bbox 1941 2323 2139 2408; x_wconf 81' lang='lat' dir='ltr'>Gorg.</span> <span class='ocrx_word' id='word_1_151' title='bbox 2187 2321 2322 2388; x_wconf 88' lang='lat'>500</span> <span class='ocrx_word' id='word_1_152' title='bbox 2367 2322 2770 2390; x_wconf 73' lang='lat' dir='ltr'>documentis</span> 
     </span>
     <span class='ocr_line' id='line_1_21' title="bbox 422 2430 2771 2519; baseline -0.001 -22"><span class='ocrx_word' id='word_1_153' title='bbox 422 2432 542 2511; x_wconf 89' lang='lat' dir='ltr'>usi,</span> <span class='ocrx_word' id='word_1_154' title='bbox 591 2431 829 2512; x_wconf 89' lang='lat' dir='ltr'>obstat,</span> <span class='ocrx_word' id='word_1_155' title='bbox 888 2432 1059 2519; x_wconf 87' lang='lat' dir='ltr'>quod</span> <span class='ocrx_word' id='word_1_156' title='bbox 1117 2437 1183 2498; x_wconf 84' lang='lat' dir='ltr'>et</span> <span class='ocrx_word' id='word_1_157' title='bbox 1231 2456 1269 2498; x_wconf 90' lang='lat' dir='ltr'>a</span> <span class='ocrx_word' id='word_1_158' title='bbox 1316 2436 1509 2519; x_wconf 63' lang='lat' dir='ltr'>poeta</span> <span class='ocrx_word' id='word_1_159' title='bbox 1554 2432 1735 2517; x_wconf 88' lang='lat' dir='ltr'>epico</span> <span class='ocrx_word' id='word_1_160' title='bbox 1781 2455 1863 2498; x_wconf 91' lang='lat' dir='ltr'>ne</span> <span class='ocrx_word' id='word_1_161' title='bbox 1910 2432 2041 2496; x_wconf 94' lang='lat' dir='ltr'>ullo</span> <span class='ocrx_word' id='word_1_162' title='bbox 2088 2430 2345 2516; x_wconf 90' lang='lat' dir='ltr'>quidem</span> <span class='ocrx_word' id='word_1_163' title='bbox 2389 2431 2530 2496; x_wconf 94' lang='lat' dir='ltr'>loco</span> <span class='ocrx_word' id='word_1_164' title='bbox 2576 2430 2771 2495; x_wconf 91' lang='lat' dir='ltr'>liber·</span> 
     </span>
     <span class='ocr_line' id='line_1_22' title="bbox 424 2539 2770 2624; baseline -0 -20"><span class='ocrx_word' id='word_1_165' title='bbox 424 2540 658 2605; x_wconf 83' lang='lat' dir='ltr'>rimum</span> <span class='ocrx_word' id='word_1_166' title='bbox 722 2542 980 2606; x_wconf 90' lang='lat' dir='ltr'>schema</span> <span class='ocrx_word' id='word_1_167' title='bbox 1043 2545 1111 2607; x_wconf 86' lang='lat' dir='ltr'>et</span> <span class='ocrx_word' id='word_1_168' title='bbox 1177 2540 1258 2605; x_wconf 89' lang='lat' dir='ltr'>ab</span> <span class='ocrx_word' id='word_1_169' title='bbox 1315 2539 1596 2606; x_wconf 88' lang='lat' dir='ltr'>Hesiodo</span> <span class='ocrx_word' id='word_1_170' title='bbox 1655 2540 1794 2624; x_wconf 90' lang='lat' dir='ltr'>ipso</span> <span class='ocrx_word' id='word_1_171' title='bbox 1859 2539 2256 2605; x_wconf 72' lang='lat' dir='ltr'>constructio</span> <span class='ocrx_word' id='word_1_172' title='bbox 2312 2542 2474 2605; x_wconf 76' lang='grc' dir='ltr'><strong><em>κατὰ</em></strong></span> <span class='ocrx_word' id='word_1_173' title='bbox 2532 2542 2770 2604; x_wconf 74' lang='grc' dir='ltr'>οὑνεοιν</span> 
     </span>
     <span class='ocr_line' id='line_1_23' title="bbox 421 2646 2768 2736; baseline 0 -25"><span class='ocrx_word' id='word_1_174' title='bbox 421 2646 517 2713; x_wconf 92' lang='lat' dir='ltr'>bis</span> <span class='ocrx_word' id='word_1_175' title='bbox 582 2647 944 2715; x_wconf 85' lang='lat' dir='ltr'>adhibetur.</span> <span class='ocrx_word' id='word_1_176' title='bbox 1055 2647 1281 2732; x_wconf 90' lang='lat' dir='ltr'>Itaque</span> <span class='ocrx_word' id='word_1_177' title='bbox 1345 2647 1419 2736; x_wconf 83' lang='grc' dir='ltr'>ἠν</span> <span class='ocrx_word' id='word_1_178' title='bbox 1484 2646 1877 2713; x_wconf 85' lang='lat' dir='ltr'>Hesiodeum</span> <span class='ocrx_word' id='word_1_179' title='bbox 1931 2647 2246 2732; x_wconf 90' lang='lat' dir='ltr'>pluralem</span> <span class='ocrx_word' id='word_1_180' title='bbox 2300 2647 2574 2713; x_wconf 89' lang='lat' dir='ltr'>formam</span> <span class='ocrx_word' id='word_1_181' title='bbox 2633 2668 2768 2712; x_wconf 88' lang='lat' dir='ltr'>esse</span> 
     </span>
     <span class='ocr_line' id='line_1_24' title="bbox 421 2753 2771 2843; baseline 0 -24"><span class='ocrx_word' id='word_1_182' title='bbox 421 2776 676 2821; x_wconf 90' lang='lat' dir='ltr'>necesse</span> <span class='ocrx_word' id='word_1_183' title='bbox 729 2757 848 2820; x_wconf 88' lang='lat' dir='ltr'>est.</span> <span class='ocrx_word' id='word_1_184' title='bbox 953 2755 1133 2821; x_wconf 91' lang='lat' dir='ltr'>Haec</span> <span class='ocrx_word' id='word_1_185' title='bbox 1178 2755 1396 2839; x_wconf 90' lang='lat' dir='ltr'>opinio</span> <span class='ocrx_word' id='word_1_186' title='bbox 1442 2779 1515 2821; x_wconf 87' lang='lat' dir='ltr'>eo</span> <span class='ocrx_word' id='word_1_187' title='bbox 1562 2754 1891 2840; x_wconf 89' lang='lat' dir='ltr'>probatur,</span> <span class='ocrx_word' id='word_1_188' title='bbox 1937 2753 2110 2839; x_wconf 90' lang='lat' dir='ltr'>quod</span> <span class='ocrx_word' id='word_1_189' title='bbox 2155 2753 2229 2843; x_wconf 83' lang='grc' dir='ltr'>ἦν</span> <span class='ocrx_word' id='word_1_190' title='bbox 2276 2753 2514 2819; x_wconf 93' lang='lat' dir='ltr'>Dorica</span> <span class='ocrx_word' id='word_1_191' title='bbox 2559 2754 2771 2819; x_wconf 87' lang='lat' dir='ltr'>forma</span> 
     </span>
     <span class='ocr_line' id='line_1_25' title="bbox 419 2859 2770 2947; baseline -0 -22"><span class='ocrx_word' id='word_1_192' title='bbox 419 2861 689 2947; x_wconf 87' lang='lat' dir='ltr'>pluralis</span> <span class='ocrx_word' id='word_1_193' title='bbox 753 2864 849 2927; x_wconf 89' lang='lat' dir='ltr'>est</span> <span class='ocrx_word' id='word_1_194' title='bbox 911 2866 1105 2946; x_wconf 84' lang='lat' dir='ltr'>atque</span> <span class='ocrx_word' id='word_1_195' title='bbox 1167 2861 1483 2927; x_wconf 89' lang='lat' dir='ltr'>Hesiodus</span> <span class='ocrx_word' id='word_1_196' title='bbox 1546 2862 1742 2926; x_wconf 90' lang='lat' dir='ltr'>etiam</span> <span class='ocrx_word' id='word_1_197' title='bbox 1809 2862 1968 2927; x_wconf 90' lang='lat' dir='ltr'>alias</span> <span class='ocrx_word' id='word_1_198' title='bbox 2024 2861 2266 2926; x_wconf 90' lang='lat' dir='ltr'>formas</span> <span class='ocrx_word' id='word_1_199' title='bbox 2331 2859 2600 2926; x_wconf 88' lang='lat' dir='ltr'>Doricas</span> <span class='ocrx_word' id='word_1_200' title='bbox 2657 2859 2770 2925; x_wconf 86' lang='lat' dir='ltr'>ad-</span> 
     </span>
     <span class='ocr_line' id='line_1_26' title="bbox 417 2965 2766 3055; baseline 0 -25"><span class='ocrx_word' id='word_1_201' title='bbox 417 2966 600 3034; x_wconf 89' lang='lat' dir='ltr'>hibet</span> <span class='ocrx_word' id='word_1_202' title='bbox 645 2992 879 3054; x_wconf 90' lang='lat' dir='ltr'>easque</span> <span class='ocrx_word' id='word_1_203' title='bbox 922 2969 1180 3055; x_wconf 85' lang='lat' dir='ltr'>quidem</span> <span class='ocrx_word' id='word_1_204' title='bbox 1228 2969 1505 3035; x_wconf 83' lang='lat' dir='ltr'>maxime</span> <span class='ocrx_word' id='word_1_205' title='bbox 1552 2970 1623 3034; x_wconf 94' lang='lat' dir='ltr'>in</span> <span class='ocrx_word' id='word_1_206' title='bbox 1669 2968 2070 3055; x_wconf 87' lang='lat' dir='ltr'>Theogonia.</span> <span class='ocrx_word' id='word_1_207' title='bbox 2150 2965 2273 3052; x_wconf 86' lang='lat' dir='ltr'><strong>(Of.</strong></span> <span class='ocrx_word' id='word_1_208' title='bbox 2316 2968 2563 3046; x_wconf 86' lang='lat' dir='ltr'>Rzach,</span> <span class='ocrx_word' id='word_1_209' title='bbox 2619 2967 2664 3032; x_wconf 93' lang='lat' dir='ltr'>l.</span> <span class='ocrx_word' id='word_1_210' title='bbox 2713 2988 2766 3031; x_wconf 91' lang='lat' dir='ltr'>c.</span> 
     </span>
     <span class='ocr_line' id='line_1_27' title="bbox 418 3072 2770 3160; baseline 0 -20"><span class='ocrx_word' id='word_1_211' title='bbox 418 3096 571 3159; x_wconf 85' lang='lat' dir='ltr'>pag.</span> <span class='ocrx_word' id='word_1_212' title='bbox 637 3077 817 3160; x_wconf 87' lang='lat'><strong>465).</strong></span> <span class='ocrx_word' id='word_1_213' title='bbox 926 3076 1106 3153; x_wconf 80' lang='lat' dir='ltr'>Quod</span> <span class='ocrx_word' id='word_1_214' title='bbox 1182 3080 1256 3140; x_wconf 86' lang='lat' dir='ltr'>ut</span> <span class='ocrx_word' id='word_1_215' title='bbox 1293 3072 1688 3155; x_wconf 86' lang='lat' dir='ltr'>doceamus,</span> <span class='ocrx_word' id='word_1_216' title='bbox 1759 3078 2157 3142; x_wconf 89' lang='lat' dir='ltr'>conferamus</span> <span class='ocrx_word' id='word_1_217' title='bbox 2222 3075 2479 3142; x_wconf 84' lang='lat' dir='ltr'>brevem</span> <span class='ocrx_word' id='word_1_218' title='bbox 2544 3074 2770 3141; x_wconf 89' lang='lat' dir='ltr'>termi-</span> 
     </span>
     <span class='ocr_line' id='line_1_28' title="bbox 419 3182 2765 3270; baseline 0.001 -23"><span class='ocrx_word' id='word_1_219' title='bbox 419 3182 753 3248; x_wconf 87' lang='lat' dir='ltr'>nationem</span> <span class='ocrx_word' id='word_1_220' title='bbox 796 3204 1000 3249; x_wconf 90' lang='lat' dir='ltr'>accus.</span> <span class='ocrx_word' id='word_1_221' title='bbox 1051 3184 1216 3268; x_wconf 91' lang='lat' dir='ltr'>plur.</span> <span class='ocrx_word' id='word_1_222' title='bbox 1267 3183 1496 3249; x_wconf 92' lang='lat' dir='ltr'>declin.</span> <span class='ocrx_word' id='word_1_223' title='bbox 1542 3183 1577 3247; x_wconf 91' lang='lat'>1</span> <span class='ocrx_word' id='word_1_224' title='bbox 1620 3185 1691 3249; x_wconf 98' lang='lat' dir='ltr'>in</span> <span class='ocrx_word' id='word_1_225' title='bbox 1732 3184 1814 3259; x_wconf 77' lang='grc' dir='ltr'>ἇς</span> <span class='ocrx_word' id='word_1_226' title='bbox 1860 3183 2104 3269; x_wconf 86' lang='lat' dir='ltr'>Theog.</span> <span class='ocrx_word' id='word_1_227' title='bbox 2153 3183 2241 3247; x_wconf 86' lang='lat'>60</span> <span class='ocrx_word' id='word_1_228' title='bbox 2297 3183 2468 3250; x_wconf 82' lang='grc' dir='ltr'>ἔννεα</span> <span class='ocrx_word' id='word_1_229' title='bbox 2513 3183 2765 3270; x_wconf 75' lang='grc' dir='ltr'><strong>κοῦρᾶς,</strong></span> 
     </span>
     <span class='ocr_line' id='line_1_29' title="bbox 421 3287 2751 3377; baseline 0.001 -26"><span class='ocrx_word' id='word_1_230' title='bbox 421 3287 552 3353; x_wconf 84' lang='grc'>267</span> <span class='ocrx_word' id='word_1_231' title='bbox 615 3288 916 3375; x_wconf 52' lang='grc' dir='ltr'>(Αρπυίἆς</span> <span class='ocrx_word' id='word_1_232' title='bbox 981 3294 1048 3356; x_wconf 85' lang='lat' dir='ltr'>et</span> <span class='ocrx_word' id='word_1_233' title='bbox 1091 3291 1491 3374; x_wconf 84' lang='lat' dir='ltr'>saepissime,</span> <span class='ocrx_word' id='word_1_234' title='bbox 1551 3313 1698 3377; x_wconf 89' lang='lat' dir='ltr'>gen.</span> <span class='ocrx_word' id='word_1_235' title='bbox 1751 3291 1924 3376; x_wconf 84' lang='lat' dir='ltr'><strong>plur.</strong></span> <span class='ocrx_word' id='word_1_236' title='bbox 1984 3289 2140 3357; x_wconf 90' lang='lat' dir='ltr'>decl.</span> <span class='ocrx_word' id='word_1_237' title='bbox 2187 3289 2220 3354; x_wconf 95' lang='lat' dir='ltr'>I</span> <span class='ocrx_word' id='word_1_238' title='bbox 2267 3289 2339 3355; x_wconf 92' lang='lat' dir='ltr'>in</span> <span class='ocrx_word' id='word_1_239' title='bbox 2385 3302 2460 3355; x_wconf 87' lang='grc' dir='ltr'>ᾱν</span> <span class='ocrx_word' id='word_1_240' title='bbox 2509 3288 2629 3355; x_wconf 89' lang='lat' dir='ltr'>Th.</span> <span class='ocrx_word' id='word_1_241' title='bbox 2677 3288 2751 3354; x_wconf 88' lang='lat'>41</span> 
     </span>
     <span class='ocr_line' id='line_1_30' title="bbox 417 3395 1909 3488; baseline 0.001 -26"><span class='ocrx_word' id='word_1_242' title='bbox 417 3401 596 3476; x_wconf 81' lang='grc' dir='ltr'><strong>θεᾶν,</strong></span> <span class='ocrx_word' id='word_1_243' title='bbox 642 3401 812 3482; x_wconf 84' lang='lat' dir='ltr'>part.</span> <span class='ocrx_word' id='word_1_244' title='bbox 862 3420 994 3464; x_wconf 90' lang='lat' dir='ltr'>aor.</span> <span class='ocrx_word' id='word_1_245' title='bbox 1044 3403 1170 3464; x_wconf 85' lang='lat' dir='ltr'>act.</span> <span class='ocrx_word' id='word_1_246' title='bbox 1220 3395 1413 3488; x_wconf 68' lang='grc' dir='ltr'>δῆσῦῐς</span> <span class='ocrx_word' id='word_1_247' title='bbox 1462 3398 1708 3483; x_wconf 85' lang='lat' dir='ltr'>Theog.</span> <span class='ocrx_word' id='word_1_248' title='bbox 1758 3397 1909 3464; x_wconf 87' lang='lat'><strong>531.</strong></span> 
     </span>
    </p>
   </div>
   <div class='ocr_carea' id='block_1_6' title="bbox 415 3536 2766 4484">
    <p class='ocr_par' dir='ltr' id='par_1_6' title="bbox 415 3536 2766 4484">
     <span class='ocr_line' id='line_1_31' title="bbox 591 3536 2764 3626; baseline 0.001 -22"><span class='ocrx_word' id='word_1_249' title='bbox 591 3536 712 3606; x_wconf 89' lang='grc' dir='ltr'>Ἦν</span> <span class='ocrx_word' id='word_1_250' title='bbox 761 3541 979 3606; x_wconf 91' lang='lat' dir='ltr'>autem</span> <span class='ocrx_word' id='word_1_251' title='bbox 1023 3542 1342 3626; x_wconf 91' lang='lat' dir='ltr'>pluralem</span> <span class='ocrx_word' id='word_1_252' title='bbox 1386 3540 1664 3606; x_wconf 89' lang='lat' dir='ltr'>formam</span> <span class='ocrx_word' id='word_1_253' title='bbox 1712 3564 1844 3607; x_wconf 89' lang='lat' dir='ltr'>esse</span> <span class='ocrx_word' id='word_1_254' title='bbox 1881 3543 2251 3608; x_wconf 91' lang='lat' dir='ltr'>Doricam</span> <span class='ocrx_word' id='word_1_255' title='bbox 2297 3541 2379 3607; x_wconf 89' lang='lat' dir='ltr'>ab</span> <span class='ocrx_word' id='word_1_256' title='bbox 2425 3539 2764 3607; x_wconf 84' lang='lat' dir='ltr'>Heraclide</span> 
     </span>
     <span class='ocr_line' id='line_1_32' title="bbox 421 3645 2766 3732; baseline 0.001 -21"><span class='ocrx_word' id='word_1_257' title='bbox 421 3669 523 3732; x_wconf 92' lang='lat' dir='ltr'>ap.</span> <span class='ocrx_word' id='word_1_258' title='bbox 572 3645 754 3712; x_wconf 84' lang='lat' dir='ltr'>Eust.</span> <span class='ocrx_word' id='word_1_259' title='bbox 813 3648 892 3713; x_wconf 89' lang='lat' dir='ltr'>ad</span> <span class='ocrx_word' id='word_1_260' title='bbox 940 3649 991 3727; x_wconf 77' lang='grc' dir='ltr'>ξ,</span> <span class='ocrx_word' id='word_1_261' title='bbox 1043 3647 1165 3711; x_wconf 85' lang='grc'>121</span> <span class='ocrx_word' id='word_1_262' title='bbox 1217 3645 1454 3713; x_wconf 82' lang='lat' dir='ltr'>diserte</span> <span class='ocrx_word' id='word_1_263' title='bbox 1499 3647 1758 3714; x_wconf 85' lang='lat' dir='ltr'>dicitur.</span> <span class='ocrx_word' id='word_1_264' title='bbox 1835 3648 1954 3714; x_wconf 85' lang='lat' dir='ltr'>Cui</span> <span class='ocrx_word' id='word_1_265' title='bbox 2004 3647 2366 3714; x_wconf 89' lang='lat' dir='ltr'>Heraclidis</span> <span class='ocrx_word' id='word_1_266' title='bbox 2405 3648 2766 3713; x_wconf 88' lang='lat' dir='ltr'>sententiae</span> 
     </span>
     <span class='ocr_line' id='line_1_33' title="bbox 415 3753 2766 3848; baseline 0 -28"><span class='ocrx_word' id='word_1_267' title='bbox 415 3774 779 3839; x_wconf 85' lang='lat' dir='ltr'>repugnare</span> <span class='ocrx_word' id='word_1_268' title='bbox 842 3753 1097 3839; x_wconf 89' lang='lat' dir='ltr'>quidem</span> <span class='ocrx_word' id='word_1_269' title='bbox 1162 3753 1417 3820; x_wconf 82' lang='lat' dir='ltr'>videtur</span> <span class='ocrx_word' id='word_1_270' title='bbox 1478 3754 1760 3821; x_wconf 89' lang='lat' dir='ltr'>eiusdem</span> <span class='ocrx_word' id='word_1_271' title='bbox 1813 3758 1973 3822; x_wconf 89' lang='lat' dir='ltr'>nota</span> <span class='ocrx_word' id='word_1_272' title='bbox 2031 3755 2113 3822; x_wconf 95' lang='lat' dir='ltr'>ad</span> <span class='ocrx_word' id='word_1_273' title='bbox 2168 3780 2225 3836; x_wconf 86' lang='lat' dir='ltr'>o,</span> <span class='ocrx_word' id='word_1_274' title='bbox 2285 3754 2436 3848; x_wconf 70' lang='lat'>2873</span> <span class='ocrx_word' id='word_1_275' title='bbox 2493 3754 2604 3822; x_wconf 92' lang='lat' dir='ltr'>sed</span> <span class='ocrx_word' id='word_1_276' title='bbox 2659 3754 2766 3822; x_wconf 93' lang='lat' dir='ltr'>hic</span> 
     </span>
     <span class='ocr_line' id='line_1_34' title="bbox 418 3860 2766 3948; baseline 0 -22"><span class='ocrx_word' id='word_1_277' title='bbox 418 3883 552 3926; x_wconf 90' lang='lat' dir='ltr'>non</span> <span class='ocrx_word' id='word_1_278' title='bbox 597 3883 800 3939; x_wconf 87' lang='lat' dir='ltr'>suam,</span> <span class='ocrx_word' id='word_1_279' title='bbox 846 3860 959 3927; x_wconf 93' lang='lat' dir='ltr'>sed</span> <span class='ocrx_word' id='word_1_280' title='bbox 1005 3861 1279 3927; x_wconf 92' lang='lat' dir='ltr'>aliorum</span> <span class='ocrx_word' id='word_1_281' title='bbox 1337 3862 1703 3946; x_wconf 91' lang='lat' dir='ltr'>opinionem</span> <span class='ocrx_word' id='word_1_282' title='bbox 1751 3863 2055 3948; x_wconf 85' lang='lat' dir='ltr'>praebere</span> <span class='ocrx_word' id='word_1_283' title='bbox 2100 3884 2250 3930; x_wconf 84' lang='lat' dir='ltr'>voce</span> <span class='ocrx_word' id='word_1_284' title='bbox 2295 3866 2535 3947; x_wconf 75' lang='grc' dir='ltr'><strong>λέγεται</strong></span> <span class='ocrx_word' id='word_1_285' title='bbox 2582 3861 2766 3929; x_wconf 88' lang='lat' dir='ltr'>doce-</span> 
     </span>
     <span class='ocr_line' id='line_1_35' title="bbox 417 3967 2761 4050; baseline 0.002 -19"><span class='ocrx_word' id='word_1_286' title='bbox 417 3972 549 4033; x_wconf 89' lang='lat' dir='ltr'>tur.</span> <span class='ocrx_word' id='word_1_287' title='bbox 654 3967 835 4044; x_wconf 78' lang='lat' dir='ltr'>Quod</span> <span class='ocrx_word' id='word_1_288' title='bbox 899 3967 1270 4035; x_wconf 89' lang='lat' dir='ltr'>Heraclides</span> <span class='ocrx_word' id='word_1_289' title='bbox 1329 3969 1555 4050; x_wconf 87' lang='lat' dir='ltr'>tradit,</span> <span class='ocrx_word' id='word_1_290' title='bbox 1616 3970 1812 4036; x_wconf 84' lang='lat' dir='ltr'>etiam</span> <span class='ocrx_word' id='word_1_291' title='bbox 1867 3970 2058 4036; x_wconf 87' lang='lat' dir='ltr'>certis</span> <span class='ocrx_word' id='word_1_292' title='bbox 2113 3970 2267 4035; x_wconf 90' lang='lat' dir='ltr'>locis</span> <span class='ocrx_word' id='word_1_293' title='bbox 2323 3971 2761 4035; x_wconf 87' lang='lat' dir='ltr'>confirmatur.</span> 
     </span>
     <span class='ocr_line' id='line_1_36' title="bbox 416 4058 2764 4162; baseline 0.001 -23"><span class='ocrx_word' id='word_1_294' title='bbox 416 4073 612 4157; x_wconf 90' lang='lat' dir='ltr'>Apud</span> <span class='ocrx_word' id='word_1_295' title='bbox 665 4073 1122 4159; x_wconf 88' lang='lat' dir='ltr'>Epicharmum</span> <span class='ocrx_word' id='word_1_296' title='bbox 1181 4058 1365 4141; x_wconf 40' lang='lat' dir='ltr'>enim·</span> <span class='ocrx_word' id='word_1_297' title='bbox 1409 4078 1549 4142; x_wconf 88' lang='lat' dir='ltr'>tam</span> <span class='ocrx_word' id='word_1_298' title='bbox 1605 4099 1797 4162; x_wconf 89' lang='lat' dir='ltr'>saepe</span> <span class='ocrx_word' id='word_1_299' title='bbox 1852 4078 2025 4144; x_wconf 90' lang='lat' dir='ltr'>inter</span> <span class='ocrx_word' id='word_1_300' title='bbox 2083 4097 2308 4162; x_wconf 88' lang='lat' dir='ltr'>pauca,</span> <span class='ocrx_word' id='word_1_301' title='bbox 2369 4099 2531 4161; x_wconf 89' lang='lat' dir='ltr'>quae</span> <span class='ocrx_word' id='word_1_302' title='bbox 2576 4075 2764 4141; x_wconf 88' lang='lat' dir='ltr'>nobis</span> 
     </span>
     <span class='ocr_line' id='line_1_37' title="bbox 416 4180 2764 4273; baseline 0.001 -27"><span class='ocrx_word' id='word_1_303' title='bbox 416 4180 666 4247; x_wconf 90' lang='lat' dir='ltr'>tradita</span> <span class='ocrx_word' id='word_1_304' title='bbox 733 4186 906 4262; x_wconf 84' lang='lat' dir='ltr'>sunt,</span> <span class='ocrx_word' id='word_1_305' title='bbox 974 4182 1350 4270; x_wconf 86' lang='lat' dir='ltr'>fragmenta</span> <span class='ocrx_word' id='word_1_306' title='bbox 1408 4183 1483 4273; x_wconf 84' lang='grc' dir='ltr'>ἧν</span> <span class='ocrx_word' id='word_1_307' title='bbox 1540 4207 1684 4252; x_wconf 92' lang='lat' dir='ltr'>cum</span> <span class='ocrx_word' id='word_1_308' title='bbox 1739 4184 1999 4251; x_wconf 91' lang='lat' dir='ltr'>nomine</span> <span class='ocrx_word' id='word_1_309' title='bbox 2055 4184 2292 4272; x_wconf 90' lang='lat' dir='ltr'>plurali</span> <span class='ocrx_word' id='word_1_310' title='bbox 2351 4184 2764 4250; x_wconf 88' lang='lat' dir='ltr'>coniunctum</span> 
     </span>
     <span class='ocr_line' id='line_1_38' title="bbox 416 4289 2762 4378; baseline 0.001 -23"><span class='ocrx_word' id='word_1_311' title='bbox 416 4292 540 4369; x_wconf 89' lang='lat' dir='ltr'>est,</span> <span class='ocrx_word' id='word_1_312' title='bbox 604 4292 681 4353; x_wconf 86' lang='lat' dir='ltr'>ut</span> <span class='ocrx_word' id='word_1_313' title='bbox 744 4311 821 4354; x_wconf 92' lang='lat' dir='ltr'>ea</span> <span class='ocrx_word' id='word_1_314' title='bbox 878 4289 955 4356; x_wconf 96' lang='lat' dir='ltr'>de</span> <span class='ocrx_word' id='word_1_315' title='bbox 1013 4312 1208 4357; x_wconf 89' lang='lat' dir='ltr'>causa</span> <span class='ocrx_word' id='word_1_316' title='bbox 1262 4291 1392 4357; x_wconf 91' lang='lat' dir='ltr'>iam</span> <span class='ocrx_word' id='word_1_317' title='bbox 1445 4293 1579 4357; x_wconf 92' lang='lat' dir='ltr'>sch.</span> <span class='ocrx_word' id='word_1_318' title='bbox 1627 4292 1811 4358; x_wconf 77' lang='lat' dir='ltr'>Pind.</span> <span class='ocrx_word' id='word_1_319' title='bbox 1871 4291 2076 4359; x_wconf 84' lang='lat' dir='ltr'>statui</span> <span class='ocrx_word' id='word_1_320' title='bbox 2130 4313 2263 4358; x_wconf 91' lang='lat' dir='ltr'>non</span> <span class='ocrx_word' id='word_1_321' title='bbox 2317 4291 2551 4378; x_wconf 78' lang='lat' dir='ltr'>possit3</span> <span class='ocrx_word' id='word_1_322' title='bbox 2610 4313 2762 4357; x_wconf 89' lang='lat' dir='ltr'>nam</span> 
     </span>
     <span class='ocr_line' id='line_1_39' title="bbox 415 4396 1743 4484; baseline 0.003 -23"><span class='ocrx_word' id='word_1_323' title='bbox 415 4396 747 4462; x_wconf 84' lang='lat' dir='ltr'>invenitur</span> <span class='ocrx_word' id='word_1_324' title='bbox 794 4396 864 4464; x_wconf 92' lang='lat' dir='ltr'>in</span> <span class='ocrx_word' id='word_1_325' title='bbox 907 4397 1280 4482; x_wconf 88' lang='lat' dir='ltr'>Epicharmi</span> <span class='ocrx_word' id='word_1_326' title='bbox 1324 4397 1743 4484; x_wconf 85' lang='lat' dir='ltr'>fragmentis:</span> 
     </span>
    </p>
   </div>
  </div>
 </body>
</html>
