3226 5028
1630 275 1715 339 52

489 471 631 539 fieri
684 494 887 558 posse,
952 473 1029 536 ut
1086 474 1359 555 uterque
1422 469 1730 556 incipiat3
1798 470 2014 554 itaque
2082 475 2430 557 utrumque
2493 492 2705 537 seeum
2770 471 2838 536 in

490 581 705 646 mente
768 579 1052 646 recolens
1109 577 1409 663 Juppiter
1472 579 1709 663 plurali
1764 579 1980 644 utitur
2031 579 2247 644 verbo.
2321 613 2410 626 -
2483 577 2552 643 Si
2599 577 2648 655 ξ,
2708 576 2837 642 216

490 687 756 753 verbum
818 686 1144 772 singulare
1205 684 1567 751 adhibitum
1622 688 1809 766 esset,
1873 690 2112 771 θάρσος
2168 684 2249 750 ad
2294 684 2591 764 Martem,
2650 683 2841 773 ῥηξη-

491 794 701 880 νορίαν
774 792 857 859 ad
930 791 1289 858 Minervam
1365 794 1718 878 spectaret».-
1830 790 1953 858 Sed
2032 813 2294 877 prorsus
2379 792 2542 857 alius
2623 791 2842 857 subest
2979 803 2988 811 '

491 901 831 966 enuntiato
888 920 1142 975 sensus;
1199 920 1406 982 neque
1465 898 1638 964 enim
1705 899 2000 966 dubitare
2057 920 2411 987 possumus,
2478 899 2634 984 quin
2697 880 2874 967 cunr

489 1011 729 1094 θάρσος
775 1009 912 1071 tum
961 1003 1330 1094 ῥηξηνορίαν
1379 1009 1447 1071 et
1495 1004 1577 1070 ad
1617 1005 1901 1072 Martem
1946 1010 2017 1072 et
2060 1006 2141 1073 ad
2167 1006 2527 1072 Minervam
2573 1009 2839 1091 spectet.
2871 1040 2880 1056 ·

491 1114 721 1200 ltaque
766 1114 1032 1180 verbum
1078 1113 1328 1197 plurale
1379 1111 1673 1178 adhiberi
1718 1136 1876 1199 opus
1924 1117 2041 1194 est,
2102 1118 2176 1180 ut
2224 1117 2367 1180 arta
2412 1114 2842 1180 subiectorum

494 1220 861 1286 coniunctio
906 1219 1320 1303 significetur.
1406 1219 1626 1286 Etiam
1673 1221 1919 1287 indicat
1963 1226 2072 1288 καὶ
2112 1223 2264 1287 ante
2310 1219 2676 1309 ῥηξηνορίαν
2720 1221 2843 1287 hoe

492 1348 729 1393 nomen
774 1329 841 1394 et
883 1331 1126 1413 θάρσος
1171 1327 1495 1393 obiectum
1539 1330 1731 1394 unius
1760 1329 2085 1395 enuntiati
2130 1350 2284 1394 esse.
2379 1327 2613 1394 Sensus
2640 1330 2845 1414 igitur
2889 1328 2895 1335 ’

493 1437 621 1501 est:
671 1432 848 1500 Mars
894 1436 961 1500 et
990 1432 1288 1499 Minerva
1316 1436 1743 1501 communiter
1769 1436 1933 1500 mihi
1980 1437 2265 1501 animum
2292 1440 2362 1501 et
2392 1434 2844 1501 fortitudinem
2947 1457 2952 1461 ·

494 1541 667 1608 dent.
735 1576 821 1589 -
884 1541 965 1606 In
1026 1541 1398 1607 Alemanioo
1461 1531 1732 1627 quidem
1785 1543 2151 1631 fragmento
2214 1563 2350 1608 rem
2413 1565 2452 1608 a
2516 1529 2844 1607 Dioscuris

493 1650 918 1716 communiter
963 1650 1211 1737 gestam
1258 1647 1701 1715 demonstrare
1758 1672 1891 1716 non
1950 1671 2304 1734 possumus,
2363 1648 2531 1735 quod
2579 1650 2845 1715 verbum

495 1779 626 1822 non
690 1760 1018 1822 servatum
1081 1758 1200 1821 est.
1294 1753 1418 1821 Sed
1480 1778 1583 1821 res
1650 1755 1756 1823 hio
1820 1758 2013 1823 aliter
2077 1778 2145 1823 se
2205 1757 2423 1822 habet.
2528 1756 2846 1834 Quoniam
2966 1841 2972 1847 .

495 1863 667 1931 enim
713 1861 1009 1929 Dioscuri
1054 1864 1425 1948 plerumque
1470 1885 1601 1928 una
1650 1867 1859 1948 agunt
1905 1868 1971 1929 et
1998 1864 2324 1931 rarissime
2356 1863 2543 1931 modo
2573 1863 2846 1929 seiuncti

496 1970 818 2050 videntur,
845 1969 1048 2036 dualis
1075 1969 1513 2057 appositionis,
1545 1993 1709 2055 quae
1730 1970 1814 2036 ad
1835 1973 2181 2055 utrumque
2205 1971 2508 2055 pertinet,
2543 1955 2846 2047 numerus

496 2080 696 2143 mirus
742 2076 947 2142 videri
992 2099 1125 2143 non
1168 2080 1407 2161 potest.
1458 2114 1539 2123 —
1570 2077 1931 2145 Secundum
1970 2078 2383 2145 scholiastam
2429 2077 2628 2143 etiam
2659 2075 2842 2142 Pind.

499 2184 610 2270 Py.
658 2182 772 2264 IV,
823 2184 949 2250 179
997 2184 1129 2252 soh.
1178 2183 1259 2249 A.
1307 2185 1622 2250 cernitur:

584 2316 687 2377 τὸν
735 2315 844 2397 μὲν
888 2309 1168 2399 Ἐχίονα,
1210 2334 1256 2395 ,κ
1269 2335 1299 2376 ε
1312 2332 1359 2398 χ
1370 2312 1409 2375 λ
1424 2315 1465 2374 ά
1477 2312 1511 2375 δ
1523 2333 1557 2376 ο
1572 2333 1602 2376 ν
1619 2334 1651 2375 τ
1665 2335 1706 2375 α
1720 2304 1768 2387 ς’
1798 2310 1943 2399 ἥβᾳ,
1994 2315 2094 2376 τὸν
2141 2311 2208 2375 δὲ
2238 2308 2523 2397 Ἔρυτον.

499 2452 681 2532 Quod
726 2474 878 2520 vero
926 2474 1144 2520 versus
1190 2453 1569 2521 antecedens
1613 2454 1889 2541 legitur:

498 2567 694 2648 πέμπε
740 2560 794 2626 δ’
839 2561 1074 2649 Ἑρμῆς
1120 2569 1499 2649 χρυσόραπις
1554 2563 1589 2627 δ
1604 2564 1915 2650 ιδυμους
1962 2560 2169 2637 υἱοὺς
2211 2559 2305 2626 ἐπ’
2355 2560 2611 2646 ἄτρυτον
2640 2565 2844 2638 πόνον,

499 2671 869 2754 sequentem
902 2669 1223 2753 'pluralem
1266 2671 1689 2757 κεχλάδοντας
1729 2670 1963 2755 plurali
1991 2670 2275 2755 διδυμους
2303 2665 2478 2742 υἱοὺς,
2500 2668 2633 2731 iam
2660 2667 2848 2732 effec-

501 2779 642 2840 tum
685 2798 818 2841 esse
849 2774 1021 2843 haud
1049 2776 1418 2862 negandum
1448 2777 1594 2842 erit.
1689 2775 1936 2842 Deinde
1963 2777 2384 2864 κεχλάδοντας
2416 2774 2636 2842 eodem
2663 2772 2848 2841 modo

505 2882 928 2968 appositionis
985 2883 1196 2949 instar
1240 2883 1605 2950 adhibitum
1662 2886 1780 2965 est,
1827 2886 1904 2947 ut
1947 2885 2017 2949 in
2060 2885 2188 2969 frg.
2234 2881 2565 2949 Alcmanis
2614 2883 2849 2969 δαμάν-

506 3013 652 3076 ταρε
684 2991 750 3056 et
772 2988 1032 3069 ἵπποτα;
1073 2993 1498 3079 κεχλάδοντας
1527 2990 1655 3080 ἥβᾳ
1680 2992 2015 3075 utriusque
2042 2991 2445 3079 geminorum
2473 3010 2672 3072 aeque
2700 3007 2848 3073 pro-

503 3097 717 3182 prium
763 3101 881 3162 est.

685 3238 1001 3306 Attamen
1045 3263 1178 3308 non
1235 3246 1466 3326 putare
1512 3243 1664 3307 lieet
1709 3239 2003 3306 omnibus
2048 3240 2226 3319 locis,
2276 3240 2389 3305 ubi
2434 3239 2559 3306 duo
2605 3237 2851 3322 aliquid

505 3346 931 3412 communiter
984 3348 1087 3412 vel
1143 3370 1274 3412 una
1331 3348 1594 3427 faciant,
1656 3347 1973 3432 pluralem
2032 3368 2370 3412 numerum
2419 3344 2851 3411 adhibendum

507 3474 662 3520 esse.
774 3452 942 3519 Sunt
1006 3454 1208 3534 enim,
1277 3455 1389 3521 ubi
1451 3457 1709 3540 praeter
1771 3453 2136 3539 opinionem
2201 3453 2520 3540 singulari
2582 3473 2850 3518 numero

507 3562 731 3625 utatur
776 3562 984 3647 poeta,
1032 3562 1108 3627 ut
1152 3585 1194 3650 η
1240 3559 1348 3627 56.

597 3702 961 3770 Ναυσίθοον
1009 3710 1118 3791 μὲν
1164 3718 1376 3791 πρῶτα
1423 3705 1775 3773 Ποσειδάων
1822 3705 2166 3793 ἐνοσίχθων

596 3815 897 3894 γείνατο
942 3817 1049 3878 καὶ
1096 3810 1409 3899 Περίβοια,

512 3953 697 4020 Pind.
747 3952 860 4038 Py.
908 3952 1022 4034 IV,
1050 3943 1222 4019 126.

600 4066 844 4149 ταχέως
890 4062 942 4127 δ’
977 4059 1302 4148 Ἄδματος
1348 4061 1505 4130 ἷκεν
1550 4067 1659 4129 καὶ
1702 4061 2068 4151 Μέλαμπος,

602 4184 989 4276 εὐμενέοντες
1036 4187 1302 4274 ἀνέψιον,

510 4332 665 4397 Eur.
715 4330 908 4416 Supp.
959 4330 1103 4396 144.

603 4436 832 4514 Τυδεὺς
880 4443 1090 4528 μάχην
1138 4438 1410 4525 ξυνῆψε
1457 4437 1836 4528 Πολυνείκης
1881 4436 2109 4525 θ’ὃίμα,
