3226 5028
1663 240 1752 305 44

621 433 696 523 ἠν
744 434 1207 522 δ’ἀμφίπλεκτοι
1252 439 1573 523 κλίμακες,
1624 436 1700 526 ἧν
1748 439 1827 535 δὲι
1861 443 2156 523 μετώπων
2203 437 2456 507 &Mena

626 543 960 630 πλήγματα
1006 546 1113 608 καὶ
1157 550 1370 618 στόνος
1418 542 1666 632 ἀμφοῖν.

536 665 691 733 Eur.
740 666 878 733 lon.
935 666 1122 732 1146.

622 773 763 862 ἐνῆν
810 770 1123 863 δῗκρανταὶ
1168 781 1518 863 γράμμασιν
1563 779 1752 843 τοιάδ’
1803 774 1969 866 ι’)φαί.

531 898 684 964 Eur.
723 901 859 986 ·frg.
912 899 1061 979 736,
1110 900 1172 966 3.

616 1010 866 1073 σπάνιον
914 1006 1014 1093 ἄρ’
1063 1006 1139 1096 ἦν
1184 1013 1483 1074 θανοῦσιν
1530 1007 1835 1098 ἀσφαλεῖς
1884 1012 2067 1097 φίλοι.

530 1146 844 1216 Ultimum
903 1151 1132 1229 locum,
1194 1173 1389 1235 quam
1449 1150 1973 1219 Schneidewinus
2032 1154 2098 1217 et
2144 1150 2470 1225 Nauckius
2515 1146 2593 1216 ad
2640 1149 2869 1217 Trach.

528 1252 663 1321 520
707 1257 1007 1338 afferunt,
1055 1281 1184 1324 non
1229 1257 1355 1325 huc
1399 1259 1730 1343 pertinere
1776 1260 1967 1325 facile
2014 1256 2512 1346 intellegendum
2549 1261 2674 1333 est;
2722 1280 2873 1323 nam

529 1361 603 1452 ἠν
650 1362 1023 1448 praedicato
1068 1370 1319 1432 σπάνιον
1364 1366 1683 1452 singulari
1730 1366 2278 1433 accommodatum
2324 1368 2441 1444 est,
2494 1362 2573 1429 de
2600 1386 2724 1448 quo
2757 1387 2873 1429 usu

529 1469 611 1535 cf.
671 1491 821 1557 pag.
872 1470 978 1536 20.
1025 1508 1114 1520 —
1161 1470 1357 1557 Soph.
1408 1472 1640 1540 Trach.
1691 1472 1825 1538 520
1871 1473 2125 1558 quidem
2172 1473 2242 1538 in
2288 1472 2480 1539 choro
2526 1471 2870 1549 invenitur,

528 1576 639 1641 ubi
697 1576 894 1644 etiam
957 1577 1123 1644 aliae
1179 1580 1424 1646 formae
1482 1580 1758 1647 Doricae
1814 1579 2223 1647 adhibentur.
2317 1578 2410 1643 At
2454 1579 2640 1644 facile
2684 1581 2874 1664 poeta

530 1684 656 1765 hic,
705 1688 780 1750 ut
825 1687 1303 1753 anacoluthiam
1348 1688 1711 1769 adhiberet,
1771 1688 2206 1773 compluribus
2252 1687 2327 1777 ἦν
2375 1708 2509 1753 sese
2553 1685 2873 1769 excipien-

532 1788 708 1857 tibus
755 1794 973 1877 potuit
1017 1794 1420 1861 commoveri.
1495 1793 1687 1861 Hanc
1714 1798 1927 1861 autem
1959 1794 2310 1882 singularis
2341 1793 2583 1859 formae
2614 1814 2873 1857 causam

529 1918 664 1964 esse
729 1920 860 1965 non
925 1899 1285 1986 opinamur.
1396 1900 1557 1966 Cum
1623 1902 1795 1969 enim
1861 1904 1929 1967 et
1992 1900 2215 1967 eadem
2278 1899 2653 1965 luctationis
2697 1898 2869 1965 ratio

527 2005 725 2072 etiam
770 2008 1185 2094 κλιμακισμὸς
1230 2009 1628 2089 nominatur,
1678 2011 1745 2074 et
1790 2007 1985 2075 schol.
2019 2007 2101 2073 ad
2132 2006 2196 2072 h.
2227 2007 2270 2072 l.
2308 2007 2625 2092 singulari
2662 2007 2874 2071 utitur

529 2111 814 2192 notione,
873 2116 949 2178 ut
1002 2108 1173 2179 hanc
1228 2114 1650 2181 luctationem
1708 2115 2051 2202 significet,
2110 2112 2358 2179 dicens:
2419 2114 2543 2180 ἔστι
2602 2115 2667 2178 δὲ
2712 2111 2872 2188 εἶδος

526 2216 953 2307 παλαίσματος
999 2219 1040 2311 ἡ
1078 2221 1393 2309 κλίμαξ,
1424 2223 1583 2288 satis
1613 2221 1776 2288 mihi
1807 2222 2013 2308 liquet
2041 2222 2242 2288 etiam
2269 2221 2381 2286 illo
2408 2222 2546 2288 loco
2573 2217 2872 2306 κλίμακες

525 2326 918 2413 singularem
982 2329 1309 2396 notionem
1374 2351 1531 2414 prae
1595 2352 1666 2396 se
1733 2329 1902 2396 ferre
1970 2333 2038 2394 et
2097 2328 2230 2394 sch.
2297 2329 2368 2394 P.
2436 2332 2692 2415 poetam
2756 2325 2875 2392 ad-

523 2432 834 2513 hibuisse3
908 2434 1300 2522 praecedunt
1374 2437 1569 2503 etiam
1637 2436 1786 2503 huic
1848 2437 2085 2524 plurali
2148 2438 2449 2525 κλίμακες
2514 2434 2872 2520 singularia

525 2541 788 2608 nomina
850 2548 1035 2631 χερὸς
1100 2548 1169 2609 et
1226 2550 1516 2628 πάταγος.
1567 2582 1649 2592 -
1699 2542 1844 2610 Sch.
1893 2544 1965 2611 P.
2011 2566 2265 2630 quoque
2310 2542 2719 2609 statuendum
2767 2545 2872 2607 est

525 2645 679 2713 Eur.
755 2647 895 2714 Ion.
972 2649 1163 2716 1146.
1280 2649 1421 2719 Hoc
1482 2653 1623 2719 loco
1685 2654 1905 2740 agitur
1977 2650 2056 2718 de
2131 2652 2288 2716 velis
2361 2650 2570 2735 pictis,
2640 2648 2871 2733 quibus

525 2753 898 2835 tentorium,
964 2778 1091 2841 quo
1153 2756 1361 2823 Xuthi
1410 2759 1718 2825 convivae
1799 2762 2256 2838 convenerant,
2339 2761 2481 2823 erat
2550 2760 2869 2841 opertum.

527 2861 812 2927 Primum
876 2862 1050 2948 pepli
1112 2865 1197 2930 ab
1260 2862 1534 2933 Hercule
1603 2865 2037 2931 Amazonibus
2097 2866 2294 2950 rapti,
2341 2864 2510 2949 quod
2575 2863 2656 2929 ad
2719 2885 2871 2929 con-

399 2997 408 3008 ·
524 2966 873 3054 tegendum
947 2971 1301 3037 tentorium
1378 2971 1742 3038 adhibitum
1818 2976 1980 3051 erat,
2058 2973 2349 3057 picturae
2404 2976 2643 3049 textae,
2704 2991 2871 3056 quae

526 3073 609 3141 ad
664 3097 860 3143 unam
907 3099 975 3144 se
1033 3079 1402 3145 consociant
1445 3078 1819 3164 imaginem,
1869 3080 2101 3164 amplis
2149 3079 2357 3144 verbis
2401 3077 2864 3146 describuntur.

525 3180 710 3249 Hanc
771 3183 841 3247 in
900 3183 1247 3271 imaginem
1312 3185 1482 3268 quod
1547 3208 1768 3252 versus
1830 3190 2052 3253 noster
2113 3188 2381 3270 spectat,
2446 3182 2595 3274 ὁφαὶ
2651 3186 2870 3271 singu-

525 3289 725 3355 larem
770 3288 970 3356 habet
1016 3292 1177 3368 vim;
1225 3291 1759 3377 interpretandus
1796 3294 1968 3359 enim
1997 3296 2097 3358 aet
2126 3314 2378 3359 versus:
2412 3293 2625 3359 inerat
2653 3295 2867 3356 autem

526 3398 777 3461 textum
824 3397 1093 3481 picturis
1138 3400 1229 3466 sic
1274 3404 1595 3466 ornatum.
1687 3400 1767 3466 In
1812 3422 2000 3465 versu
2050 3398 2223 3464 1158
2269 3400 2521 3465 demum
2568 3397 2644 3462 de
2690 3396 2866 3477 velis,

526 3523 690 3587 quae
735 3525 952 3570 muros
998 3504 1416 3585 circumdant,
1463 3505 1733 3572 dicitur:

1362 3680 1377 3695 .
1425 3680 1441 3695 .
1492 3682 1507 3697 .
1554 3636 1847 3719 τοίχοισιν
1894 3631 2047 3697 δ’ἔπι

1059 3736 1366 3825 ἤμπισχεν
1415 3737 1585 3804 ἄλλα
1630 3741 1959 3826 βαρβάρων
2004 3735 2357 3826 ὑφάσματα.

528 3896 612 3907 -
659 3859 736 3926 In
800 3859 1072 3926 Luciani
1117 3860 1338 3929 Amor.
1402 3862 1515 3928 12:
1583 3862 1659 3953 ἦν
1713 3862 1984 3951 δ’ἱλαραὶ
2028 3865 2260 3930 κλισίαι
2313 3872 2439 3937 τοῖς
2484 3860 2869 3928 ἐνεστιᾱσθαι

523 3969 802 4048 θέλουσι,
879 3990 949 4034 re
1012 3991 1167 4035 vera
1241 3967 1318 4034 de
1381 3970 1813 4055 compluribus
1875 3972 2176 4049 κλισίαις,
2243 3993 2406 4057 quae
2468 3991 2583 4053 per
2644 3968 2869 4034 silvam

526 4073 869 4141 collocatae
913 4079 1087 4153 sunt,
1135 4076 1377 4162 agitur.
1470 4076 1650 4154 Quod
1698 4099 1849 4142 vero
1893 4080 2127 4144 κλισίαι
2171 4076 2253 4143 ad
2298 4100 2375 4143 ea
2422 4075 2685 4142 nomina
2722 4096 2870 4160 per-

524 4179 734 4247 tinere
779 4185 1054 4261 constat,
1101 4204 1269 4266 quae
1315 4183 1550 4267 plurali
1609 4206 1801 4269 saepe
1848 4183 2239 4250 adhibentur
2283 4203 2571 4261 numero,
2617 4180 2872 4247 etiamsi

525 4286 876 4372 singularis
919 4310 1142 4355 sensus
1184 4288 1427 4368 subest,
1475 4292 1549 4355 ut
1595 4289 1792 4375 Soph.
1838 4290 2021 4358 Aiac.
2074 4290 2236 4357 191:
2283 4290 2537 4380 ἐφάλοις
2582 4291 2868 4366 κλισίαις,

526 4392 640 4458 ubi
681 4392 762 4459 de
822 4415 953 4460 uno
997 4394 1215 4460 Aiacis
1262 4395 1675 4463 tabernaculo
1720 4397 1976 4476 dicitur,
2022 4396 2131 4462 hic
2173 4397 2339 4463 illud
2381 4396 2646 4462 liberius
2688 4393 2871 4461 sche-
