3226 5028
1638 260 1680 324 6

482 457 725 523 Eadem
826 459 903 525 de
994 480 1185 524 causa
1277 460 1344 522 et
1433 454 1853 541 Apollonium
1949 456 2206 524 schema
2295 480 2534 524 morem
2627 457 2832 543 (ἔθος)

481 564 875 630 Boeotorum
954 566 1021 630 et
1101 564 1564 632 Lesbonactem
1639 576 1857 652 σχῆμα
1931 565 2050 630 ἀπὸ
2124 564 2422 640 Βοιωτίας
2498 566 2833 632 nominare

486 671 717 738 deinde
764 671 1147 738 docebimus.
1239 670 1552 736 Attamen
1599 671 1775 737 aliud
1821 671 2163 738 schematis
2216 693 2449 738 nomen
2502 671 2833 757 proprium

481 800 793 863 nusquam
860 779 1149 844 invenire
1214 800 1577 864 possumus,
1654 778 1910 843 etiamsi
1973 779 2361 843 recentiores
2425 778 2835 864 grammatici

481 907 717 952 nomen
782 907 1035 970 quoque
1099 884 1443 951 schematis
1475 884 1837 963 Thebaici,
1897 884 2172 965 Aeolici‚
2232 885 2450 952 Dorici
2503 885 2830 952 adhibent.

483 990 842 1059 Schematis
890 990 1272 1058 Thebaici
1333 1013 1570 1058 nomen
1635 1015 1712 1057 ex
1767 991 2182 1058 Lesbonactis
2243 993 2288 1058 l.
2355 1016 2409 1059 c.
2471 993 2687 1070 fluxit3
2765 996 2834 1058 at

481 1100 635 1164 iam'
673 1098 1174 1165 Valckenaerius
1239 1098 1319 1164 ad
1384 1099 1447 1164 h.
1507 1099 1551 1164 l.
1617 1097 2078 1164 animadvertit
2132 1098 2293 1163 illud
2344 1099 2655 1189 Θηβαῖκόν
2704 1122 2834 1166 non

481 1205 564 1273 ad
626 1205 816 1283 haec,
892 1227 1057 1289 quae
1121 1209 1497 1290 sequuntur,
1571 1206 1929 1290 pertinere3
2009 1205 2314 1271 excidisse
2380 1205 2624 1291 aliquid
2688 1209 2835 1290 post

484 1314 797 1402 Θηβαϊκόν
861 1312 1086 1379 docere
1150 1315 1215 1379 δὲ
1281 1314 1426 1397 post
1483 1313 1626 1379 ἔστι.
1720 1312 1897 1378 Dicit
1955 1313 2160 1389 etiam,
2209 1313 2530 1379 Lesboax:
2599 1314 2722 1379 ἔστι
2767 1315 2834 1378 δὲ

481 1424 588 1487 καὶ
654 1419 845 1486 ἄλλο
908 1431 1155 1508 σχῆμα;
1222 1419 1382 1487 ἄλλο
1446 1443 1598 1488 vero
1663 1420 1910 1484 nullum
1975 1419 2308 1503 praeberet
2366 1442 2641 1500 sensum,
2705 1420 2832 1486 nisi

482 1525 892 1593 antecederet
950 1527 1121 1593 aliud
1180 1528 1439 1594 schema
1486 1527 1876 1594 Boeotorum
1930 1527 2291 1611 proprium3
2351 1550 2557 1611 neque
2612 1530 2833 1593 tamen

484 1638 681 1700 antea
713 1633 791 1697 de
822 1635 955 1700 ullo
987 1634 1312 1700 schemate
1338 1635 1611 1701 Boeotio
1640 1635 1945 1718 loquitur,
1975 1632 2085 1699 sed
2130 1633 2208 1699 de
2237 1633 2557 1701 schemate
2588 1634 2831 1701 AtticO.

483 1740 712 1825 Itaque
760 1741 1175 1806 statuendum
1221 1741 1407 1806 nobis
1454 1744 1553 1807 est
1580 1742 2046 1808 Lesbonactem
2071 1741 2350 1825 primum
2390 1742 2468 1808 de
2513 1742 2835 1809 schemate

485 1846 829 1927 Thebaico,
876 1847 1046 1931 quod
1094 1850 1160 1913 et
1205 1848 1412 1932 ipsum
1460 1847 1799 1916 Boeotium
1847 1850 1964 1928 est,
2013 1852 2155 1914 tum
2201 1848 2279 1913 de
2338 1849 2464 1915 alio
2511 1847 2836 1915 schemate

481 1954 876 2021 Boeotorum
922 1955 1202 2039 proprio,
1251 1954 1421 2038 quod
1448 1955 1863 2022 Pindaricum
1910 1978 2162 2040 quoque
2208 1957 2596 2035 nominetur,
2637 1956 2837 2022 verba

482 2062 723 2129 fecisse.
753 2098 842 2110 —
871 2060 975 2126 Ab
1001 2062 1345 2127 Eustathio
1373 2084 1524 2148 pag.
1561 2062 1756 2144 1867,
1787 2063 1871 2127 22
1901 2062 2161 2129 schema
2190 2063 2387 2129 etiam
2415 2062 2574 2130 Aeo
2592 2064 2835 2129 licum

482 2167 750 2247 dicitur-3
799 2169 1000 2253 possit
1044 2169 1170 2234 hoc
1195 2191 1431 2235 nomen
1456 2172 1733 2237 fortasse
1763 2171 2065 2256 generale
2096 2193 2251 2250 esse,
2298 2171 2401 2236 cui
2423 2170 2834 2236 subiunctum

485 2279 585 2342 est
647 2275 993 2342 schematis
1060 2263 1383 2342 Pindarici
1446 2300 1679 2344 nomen
1742 2278 2015 2362 speciale
2031 2325 2047 2356 ‚
2118 2277 2222 2342 ita'
2279 2279 2354 2342 ut
2430 2276 2836 2362 significetur

483 2382 741 2451 schema
779 2384 946 2468 apud
975 2381 1228 2463 Aeoles‚
1269 2405 1542 2468 quorum
1583 2385 1651 2450 in
1694 2407 2031 2451 numerum
2060 2383 2289 2450 Boeoti
2332 2384 2466 2449 sint
2493 2382 2832 2462 referendi,

484 2490 760 2556 inveniri
805 2489 1057 2558 ratione
1102 2512 1233 2557 non
1289 2488 1535 2571 habita,
1593 2516 1631 2559 a
1689 2513 1816 2576 qua
1863 2491 2138 2558 Aeolum
2185 2495 2378 2577 gente
2428 2490 2833 2558 adhibeatur.

484 2597 578 2663 At
632 2598 887 2664 videtur
943 2596 1104 2662 illud
1161 2619 1391 2664 nornen
1460 2621 1538 2664 ex
1597 2621 1814 2665 errore
1861 2600 2138 2683 quodam
2184 2598 2514 2664 Eustathii
2558 2598 2833 2678 fluxisse,

486 2727 686 2790 aeque
734 2727 808 2771 ac
854 2726 1090 2770 nomen
1135 2704 1481 2773 schematis
1529 2705 1838 2787 Dorici,
1896 2705 2066 2792 quod
2113 2706 2332 2772 eodem
2378 2710 2448 2772 et
2493 2705 2634 2771 aliis
2679 2705 2834 2771 locis

485 2811 871 2878 Eustathius
929 2810 1215 2878 adhibet.
1310 2812 1485 2890 Quae
1543 2836 1643 2879 res
1700 2837 1924 2880 ansam
1971 2814 2206 2879 erroris
2253 2814 2402 2880 huic
2448 2812 2835 2897 praebuerit,

484 2924 625 2985 tum
653 2940 1051 3003 quaeremuS‚
1101 2942 1245 2983 cum
1275 2918 1352 2985 de
1380 2942 1499 2984 usu
1528 2920 1888 3000 schematis,
1935 2920 2144 3006 qualis
2176 2921 2246 2986 in
2273 2919 2549 3006 singulis
2578 2919 2836 2985 Graecis

487 3026 780 3093 dialectis
826 3026 1041 3106 fuerit,
1090 3025 1488 3109 disseremus.

663 3133 805 3197 Iam
870 3132 953 3200 ad
1015 3157 1152 3200 rem
1215 3133 1423 3220 ipsam
1487 3136 1891 3200 transeamus
1957 3138 2023 3200 et
2087 3135 2365 3219 primum
2429 3155 2834 3219 quaeramuS‚

488 3240 717 3325 quibus
740 3241 1216 3307 condicionibus
1244 3262 1319 3307 ac
1344 3242 1595 3328 legibus
1621 3241 1885 3307 verbum
1910 3243 2240 3328 singulare
2265 3264 2407 3306 cum
2436 3241 2835 3307 nominativo

487 3347 727 3433 plurali
782 3368 926 3433 gen.
986 3370 1178 3414 masc.
1228 3348 1328 3413 vel
1388 3348 1536 3414 fem.
1599 3350 2034 3435 coniungatur
2092 3352 2160 3415 et
2215 3371 2376 3432 quae
2435 3331 2625 3414 huius
2684 3370 2836 3412 usus

488 3455 672 3541 origo
718 3456 824 3521 sit.

1615 3632 1719 3699 11.

918 3775 1254 3860 ummaticis
1281 3776 1606 3842 veteribus
1650 3800 1813 3842 unus
1855 3800 2109 3845 causam
2147 3777 2487 3845 schematis
2516 3777 2837 3842 Pindarici

918 3882 1391 3967 Apollonius
1449 3883 1837 3969 Dyscolus
1894 3886 1958 3964 1.‚
2016 3887 2194 3953 cuius
2249 3887 2526 3973 priorem
2585 3889 2836 3971 partem

918 3990 949 4055 i.
1042 3989 1356 4067 Quoniam
1384 3994 1599 4057 autem
1629 3991 1944 4058 Rudolfus
1972 3992 2278 4058 Franzius
2308 3994 2350 4059 l.
2384 4017 2436 4059 c.
2469 4013 2618 4078 pag.
2653 3994 2710 4059 l.
2741 4015 2835 4076 sq.

918 4097 1065 4162 'siam
1111 4098 1426 4182 copiosius
1462 4100 1838 4179 illustravit,
1887 4101 2168 4167 sufficiat
2199 4100 2304 4164 hic
2350 4099 2647 4165 brevibus
2694 4122 2838 4165 eam

918 4226 1255 4288 uamquam
1285 4209 1460 4272 recte
1490 4205 1950 4272 animadvertit
1979 4206 2360 4293 Apollonius
2389 4206 2839 4274 difficultatem

918 4334 1011 4378 ton
1056 4312 1200 4377 tolli
1247 4333 1342 4391 e0‚
1391 4313 1559 4397 quod
1604 4313 1996 4380 Boeotorum
2040 4319 2108 4380 et
2153 4314 2433 4380 maxime
2466 4312 2730 4380 Pindari
2757 4315 2846 4380 sit

918 4477 920 4482 .
950 4420 1009 4484 ei
1040 4441 1175 4485 non
1204 4420 1499 4505 contigit,
1547 4423 1623 4483 ut
1649 4421 2176 4488 inconcinnitatis
2205 4420 2547 4487 schematis
2579 4443 2838 4488 causam
