3226 5028
1670 246 1759 310 50

620 438 849 507 ἵπποτα
894 447 1086 530 σοφώ,

617 551 724 612 καὶ
768 545 1168 636 Πολοδεὺκης
1213 550 1435 635 κυδρός
1483 548 1774 634 (Bergk-‘⁵
1816 552 1944 635 frg.
1998 550 2126 634 12).
2144 551 2228 631 32)

708 672 889 750 Quod
935 674 1292 760 exemplum
1349 673 1431 738 iis
1488 673 1671 738 addit
1714 672 2076 739 Lesbonax:
2136 674 2402 741 Πλάτων
2448 675 2874 765 ἐπορεὺθησαν

531 783 640 845 καὶ
684 777 1143 870 Ἀριστοτέλης,
1193 779 1274 845 ab
1320 802 1397 846 eo
1440 783 1580 864 ipso
1617 780 1973 847 formatum
2001 803 2137 847 esse
2167 781 2455 867 videtur3
2500 804 2652 847 nam
2678 784 2875 849 etiam

530 885 612 954 ad
649 887 800 966 alia,
847 909 1009 971 quae
1058 888 1248 953 affert
1292 888 1362 952 in
1406 886 1626 954 libello
1668 910 1782 953 suo
1829 888 2178 966 schemata,
2207 888 2486 973 primum
2516 892 2873 975 exemplum

527 1017 567 1058 a
611 1017 679 1059 se
720 995 857 1076 ipso
902 994 1125 1058 fictum
1182 993 1461 1073 exhibet,
1519 996 1595 1057 ut
1641 992 2119 1082 Λακεδαιμόνιοι
2175 999 2430 1083 πολεμεῖ
2478 994 2866 1086 Ἀθηναίοις,

525 1101 636 1165 ubi
681 1100 760 1165 de
805 1099 1130 1165 schemate
1175 1100 1515 1166 Pindarico
1564 1101 1672 1184 (cf.
1712 1124 1774 1185 p.
1823 1101 1954 1184 20),
2002 1101 2338 1191 Σωκράτης
2385 1102 2865 1190 ἀπολογοὺμενός

525 1205 701 1286 ἐστιν,
734 1207 844 1272 ubi
874 1205 953 1271 de
997 1206 1319 1274 schemate
1356 1205 1764 1273 Chalcidiaco
1811 1209 1984 1294 (pag.
2024 1209 2171 1292 179)
2200 1210 2506 1293 loquitur.
2580 1210 2765 1291 Item,
2795 1216 2868 1276 ut

523 1314 842 1380 rationem
888 1312 1253 1392 schematiS,
1310 1315 1389 1378 de
1436 1335 1560 1397 quo
1608 1314 1847 1401 agitur,
1905 1316 2198 1400 explicet,
2253 1316 2636 1381 Eustathius
2683 1319 2764 1382 ad
2807 1342 2868 1398 κ,

522 1419 686 1486 513:
736 1418 853 1503 ἐγὼ
899 1419 1179 1508 ἤλθομεν
1226 1425 1332 1487 καὶ
1378 1423 1451 1485 σὺ
1498 1422 1709 1487 affert.

705 1544 1171 1631 Comparantes
1229 1545 1346 1610 hos
1405 1547 1575 1612 locos
1622 1545 1908 1610 videmus
1963 1547 2031 1609 et
2085 1546 2320 1630 ubique
2382 1548 2735 1613 subiectum
2793 1574 2871 1615 ex

523 1651 769 1717 duobus
815 1652 1185 1717 nominibus
1244 1651 1681 1737 singularibus
1728 1655 2022 1717 constare
2077 1657 2144 1718 et
2200 1654 2640 1737 praedicatum
2698 1658 2871 1722 inter

521 1759 681 1824 haec
726 1760 851 1825 duo
898 1760 1159 1827 nomina
1205 1760 1276 1833 in
1321 1758 1532 1823 medio
1589 1759 1876 1844 positum
1933 1772 2198 1825 numero
2255 1762 2488 1844 plurali
2533 1765 2634 1828 vel
2693 1763 2870 1830 duali

522 1889 676 1947 esse,
743 1867 1031 1952 quamvis
1095 1866 1175 1932 ad
1240 1866 1421 1951 prius
1485 1888 1721 1931 nomen
1798 1869 2133 1950 praecipue
2196 1872 2488 1952 spectare
2551 1871 2864 1937 videatur.

521 1973 703 2050 Quod
760 1976 979 2038 autem
1036 1973 1473 2057 praedicatum
1531 1974 1603 2037 in
1661 1973 1871 2038 medio
1927 1980 2226 2058 ponatur,
2293 1975 2358 2039 id
2424 1978 2506 2042 ad
2563 1983 2868 2043 naturam

523 2079 868 2146 schematis
947 2080 1271 2164 pertinere
1339 2080 1660 2164 plerisque
1726 2082 2016 2144 veterum
2083 2083 2470 2147 testimoniis
2539 2084 2865 2169 probatur,

521 2187 602 2252 cf.
650 2186 1010 2252 Herodiani
1055 2185 1392 2273 (μεσάζον),
1439 2185 1857 2252 Lesbonactis
1917 2189 2166 2273 (μεταξὺ
2222 2195 2543 2265 πίπτοντος
2587 2194 2867 2280 πληθυν-

523 2303 692 2361 τικοῦ
740 2291 1067 2382 ῥήματος),
1115 2293 1312 2359 schol.
1363 2293 1444 2357 ad
1492 2294 1562 2371 E,
1613 2295 1742 2358 774
1790 2295 2041 2380 (μεταξὺ
2089 2307 2205 2361 τῶν
2253 2295 2616 2382 ὀνομάτων),
2667 2297 2747 2361 ad
2791 2296 2864 2376 Υ,

526 2401 653 2467 138
701 2402 949 2488 (μεταξὺ
995 2400 1283 2483 τάσσειν),
1334 2401 1412 2465 ad
1459 2424 1519 2479 κ,
1567 2398 1699 2464 513
1758 2401 2008 2486 (μεταξὺ
2066 2398 2174 2468 δύο
2233 2402 2545 2489 ὀνομάτων
2605 2403 2863 2486 ἑνικῶν),

519 2509 852 2576 Eustathii
899 2511 980 2575 ad
1026 2508 1099 2585 E,
1151 2507 1281 2574 774
1327 2508 1541 2594 (μέσον
1566 2509 1674 2573 δόο
1713 2506 2024 2595 ὀνομάτων
2062 2516 2254 2587 τιθεὶς
2291 2509 2508 2602 ῥῆμα),
2538 2513 2619 2578 ad
2641 2538 2702 2591 κ,
2736 2514 2864 2578 513

520 2621 935 2706 μεσολαβηθῇ
1002 2620 1156 2703 μετὰ
1220 2617 1364 2701 μίαν
1427 2614 1654 2698 τεθέν),
1724 2614 1955 2682 Suidae
2021 2619 2271 2705 (μεταξὺ
2327 2633 2444 2686 τῶν
2501 2619 2857 2706 ὀνομάτων),

521 2724 1058 2791 Phoebammonis
1134 2724 1348 2810 (μέσου
1425 2733 1529 2790 τοῦ
1593 2727 1729 2808 περὶ
1793 2721 1993 2788 αὐτῶν
2057 2726 2287 2809 λόγου).
2400 2725 2630 2809 Itaque
2699 2727 2859 2792 hanc

523 2854 879 2919 proponere
941 2853 1274 2917 possumus
1338 2830 1795 2909 definitionem,
1863 2853 2133 2915 quacum
2198 2835 2391 2899 etiam
2455 2834 2859 2918 grammatic-i

520 2944 770 3004 veteres
855 2939 969 3004 alii
1057 2938 1201 3003 aliis
1286 2936 1681 3022 planioribus
1767 2938 1976 3002 verbis
2067 2941 2504 3005 consentiunt:
2598 2939 2862 3006 Schema

520 3044 968 3113 Alcmanicum
1014 3067 1151 3110 esse
1198 3046 1475 3129 figuram
1522 3047 2009 3131 grammaticam
2041 3046 2167 3130 (vel
2196 3045 2628 3130 rhetoricam),
2674 3070 2707 3111 e
2734 3068 2862 3130 qua

521 3154 787 3220 verbum
831 3155 933 3218 vel
977 3176 1214 3218 nomen
1260 3152 1344 3217 ad
1388 3152 1514 3217 duo
1555 3152 1822 3217 nomina
1867 3157 2185 3239 spectanS,
2233 3176 2619 3239 quamquam
2666 3155 2866 3239 priori

525 3260 774 3326 nomini
821 3259 1159 3327 succedens
1197 3259 1347 3326 huic
1377 3259 1698 3324 artissime
1725 3259 2134 3326 coniunctum
2165 3263 2232 3325 et
2262 3260 2866 3327 accommodandum

526 3390 661 3415 οπο
708 3367 1024 3446 videatur,
1071 3372 1292 3433 tamen
1338 3367 1575 3451 plurali
1621 3368 1710 3431 sit
1755 3389 2041 3433 numerO.
2135 3366 2264 3433 Cur
2310 3372 2522 3434 autem
2553 3369 2681 3433 illis
2711 3370 2861 3434 locis

886 3474 1001 3538 2rbi
1029 3497 1349 3553 numeruS,
1387 3497 1518 3540 non
1545 3476 1893 3559 singularis
1922 3475 2354 3556 adhiberetur,
2383 3499 2586 3561 neque
2618 3477 2866 3541 veteres

886 3582 1161 3648 entiores
1207 3582 1613 3668 grammatici
1642 3583 2116 3666 quaesiverunt.
2208 3583 2383 3660 Quae
2429 3584 2632 3668 igitur
2678 3604 2867 3649 causa

886 3796 1043 3868 >liqui
1086 3814 1253 3868 supra
1298 3796 1463 3850 allati
1509 3796 1866 3866 grammatici
1911 3796 2105 3851 iisdem
2161 3797 2398 3850 utuntur
2443 3796 2732 3866 exemplis3
2787 3794 2866 3849 sic

886 3886 1057 3941 uicum
1096 3882 1157 3941 Ε,
1197 3887 1300 3940 774
1348 3885 1619 3956 probatur
1654 3889 1874 3956 praeter
1909 3885 2289 3940 Herodianum
2325 3886 2495 3940 schol.
2532 3885 2606 3939 ad
2642 3880 2704 3944 E,
2742 3885 2864 3950 774,

886 3975 998 4040 313;
1035 3975 1329 4029 Eustathio
1365 3974 1438 4028 ad
1463 3971 1525 4034 E,
1554 3976 1675 4040 774,
1700 3976 1870 4030 schol.
1895 3975 1969 4029 ad
1988 3975 2147 4029 Pind.
2174 3976 2210 4030 l.
2233 3993 2294 4041 0.,
2323 3974 2541 4039 Suidae,
2570 3973 2866 4042 Anonymo

919 4062 1021 4118 138
1058 4063 1401 4128 Lesbouacfi,
1448 4064 1622 4119 schol.
1669 4066 1743 4119 ad
1780 4062 1843 4126 E,
1882 4064 2003 4129 774,
2040 4059 2100 4124 Υ,
2141 4064 2261 4129 138,
2308 4082 2356 4124 κ,
2395 4063 2524 4129 513;
2572 4063 2866 4118 Eustathio

902 4181 971 4190 —
1008 4170 1056 4213 κ,
1083 4152 1188 4206 513
1212 4152 1557 4218 Lesbonacti‚
1583 4154 1753 4208 schol.
1778 4153 1851 4208 ad
1879 4149 1941 4214 E,
1969 4153 2090 4217 774,
2118 4150 2177 4214 Υ,
2208 4153 2326 4218 138,
2350 4171 2398 4213 κ,
2426 4153 2546 4217 513,
2572 4151 2866 4207 Eustathio

925 4259 973 4302 κ,
1022 4242 1143 4307 513,
1192 4239 1235 4302 ξ,
1283 4242 1414 4307 217;
1466 4272 1532 4279 -
1588 4241 1633 4303 ξ,
1681 4242 1787 4296 216
1840 4242 2008 4297 schol.
2055 4242 2129 4297 ad
2174 4240 2236 4303 E,
2285 4243 2404 4307 774,
2452 4241 2744 4296 Eustatbio
2789 4240 2868 4295 ad

902 4332 1009 4401 frg.
1058 4330 1237 4386 Alcm.
1284 4332 1454 4387 schol.
1500 4332 1575 4387 ad
1620 4349 1668 4392 κ,
1714 4332 1835 4398 513,
1883 4331 2176 4386 Eustathio
2221 4332 2295 4387 ad
2330 4349 2378 4392 κ,
2418 4332 2537 4397 513,
2585 4331 2753 4385 schol.
2789 4331 2870 4385 ad
