3226 5028
1473 274 1564 342 45

335 478 530 543 matis
594 497 800 561 genus
863 474 1277 541 statuendum
1335 478 1460 554 est,
1528 475 1699 558 quod
1756 473 1824 537 in
1883 472 2011 557 frg.
2074 471 2546 560 dithyrambico
2603 471 2691 536 53

337 581 655 649 Pindarus
718 580 1037 648 adhibuit.

517 705 992 793 Grammaticus
1049 711 1234 771 sexto
1292 706 1432 770 loco
1488 726 1683 788 supra
1739 705 1975 771 allatus
2033 727 2129 769 ex·
2159 703 2456 788 Appiano
2503 706 2693 769 affert

337 817 576 881 locum:
613 814 806 901 ἔριδες
838 807 945 901 ἦν’,
980 812 1091 896 qui
1118 811 1498 877 documento
1529 815 1628 876 est
1658 816 1774 877 aut
1803 811 1934 876 sch.
1965 810 2038 877 P.
2073 810 2468 901 liberrimum
2495 812 2688 876 etiam

337 923 406 987 in
430 944 722 987 sermone
745 920 971 985 Attico
993 918 1276 1004 pedestri
1301 918 1495 984 verbo
1519 918 1880 1002 postposito
1903 917 2193 983 adhiberi
2216 920 2334 984 aut
2358 916 2433 1006 ἦν
2454 918 2693 985 tertiae

337 1050 647 1114 personae
678 1028 992 1112 pluralem
1023 1046 1360 1090 numerum
1390 1046 1538 1089 esse.
1605 1023 1699 1088 At
1734 1046 1813 1089 ex
1840 1024 2250 1109 grammatici
2281 1024 2453 1095 illius
2480 1025 2693 1091 verbis

340 1132 506 1215 nihil
552 1133 712 1199 certi
758 1132 991 1218 collegi
1036 1133 1269 1216 potest,
1318 1132 1537 1194 utrum
1584 1129 1660 1219 ἦν
1703 1130 1954 1214 plurale
1983 1131 2071 1195 sit
2105 1154 2191 1197 an
2217 1133 2578 1218 singulare3
2628 1132 2694 1197 id

339 1239 530 1308 modo
553 1240 1058 1324 intellegendum
1090 1242 1189 1302 est
1218 1238 1401 1302 illum
1435 1236 1679 1314 mirari,
1711 1235 1881 1320 quod
1910 1236 1986 1325 ἧν
2010 1259 2152 1302 cum
2177 1240 2434 1305 nomine
2456 1240 2693 1323 plurali

341 1347 448 1412 hic
502 1346 916 1411 coniunctum
972 1328 1080 1410 sit.
1184 1341 1310 1409 Sed
1366 1342 1638 1409 eundem
1695 1345 1903 1409 locum
1951 1355 2018 1409 et
2062 1367 2209 1411 eum
2256 1344 2511 1429 quidem
2558 1346 2694 1429 ple-

346 1454 593 1519 niorem
676 1450 905 1518 Suidas
978 1476 1040 1538 p.
1114 1452 1228 1531 14,
1310 1443 1370 1514 5
1417 1472 1468 1516 s.
1536 1473 1596 1514 v.
1664 1448 1980 1537 ἁψιμαχίαι
2046 1451 2268 1516 affert:
2334 1449 2693 1528 Ἀππιανός·

340 1558 428 1626 Τὸ
476 1564 586 1646 μὲν
632 1572 871 1645 πρῶτον
919 1559 1110 1645 ἔριδες
1158 1557 1253 1647 ἦν,
1300 1561 1408 1624 καὶ
1454 1556 1794 1644 ἁψιμαχίαι
1855 1564 2129 1642 σμικραί,
2176 1558 2287 1624 ubi
2332 1580 2460 1625 non
2509 1558 2692 1647 ἦσαν,

341 1668 511 1751 quod
557 1666 833 1732 editores
880 1665 1266 1732 recentiores
1312 1663 1641 1742 exhibent,
1689 1661 1799 1729 sed
1831 1662 1905 1751 ἦν
1936 1664 2341 1731 scribendum
2369 1668 2487 1745 est,
2519 1665 2694 1752 quod

341 1773 569 1858 optimi
628 1772 792 1838 cdd.-
825 1771 1157 1857 praebent.
1262 1771 1431 1848 Quin
1478 1769 1817 1856 Appianus
1863 1793 1931 1836 re
1978 1786 2131 1837 vera
2178 1770 2253 1859 ἧν
2302 1771 2691 1852 adhibuerit,

345 1883 603 1946 auctore
661 1880 774 1945 illo
831 1879 1258 1966 grammatico
1316 1877 1418 1942 usi
1474 1877 1584 1942 vix
1642 1877 1938 1943 dubitare
1985 1892 2353 1962 possumus3
2402 1884 2473 1944 at
2519 1878 2693 1947 haud

346 1989 475 2052 scio
532 2010 618 2053 an
676 1987 750 2076 ἦν
806 2008 938 2052 non
990 1987 1277 2052 subiecto
1336 1985 1547 2071 ἔριδες,
1605 1985 1716 2050 sed
1774 1983 2142 2070 praedicato
2198 1990 2267 2051 τὸ
2321 1999 2560 2072 πρῶτον
2607 1987 2696 2051 sit

344 2093 922 2174 accommodatum,
983 2097 1058 2158 ut
1115 2092 1368 2158 notioni
1425 2097 1493 2157 τὸ
1548 2105 1790 2177 πρῶτον
1852 2091 2054 2158 maior
2101 2092 2197 2157 vis
2243 2091 2591 2181 tribuatur.
2612 2094 2694 2175 ²⁷)

345 2199 486 2267 Hoc
529 2200 718 2266 modo
765 2200 1144 2286 effugiemus
1189 2221 1410 2265 omnes
1457 2197 1895 2264 difficultates,

524 2325 748 2417 Neque
795 2347 947 2391 vero
993 2325 1138 2409 plus
1183 2323 1487 2409 ponderis
1533 2323 1730 2389 habet
1758 2325 2170 2391 enuntiatum
2197 2329 2306 2392 καὶ
2335 2331 2533 2417 κωφοὶ
2563 2324 2693 2416 δ’ἧν

348 2437 763 2521 προπάροιθεν
810 2433 1080 2498 allatum
1125 2433 1207 2497 ab
1253 2430 1648 2511 HerodianO,
1695 2454 1758 2497 π.
1789 2455 1852 2519 μ.
1876 2433 1934 2497 λ.
1968 2456 2028 2518 p.
2061 2430 2169 2511 45,
2216 2432 2328 2497 ubi
2371 2436 2592 2503 tamen
2623 2434 2695 2501 in

347 2540 560 2606 codice
586 2547 795 2631 κωφὸν
825 2541 1085 2628 legitur.
1143 2539 1347 2605 Locus
1384 2540 1555 2604 enim
1592 2538 1712 2603 sub
1743 2538 1938 2605 finem
1970 2539 2154 2607 valde
2176 2543 2513 2626 corruptus
2536 2540 2695 2610 mihi

347 2649 618 2715 videtur.
710 2647 1116 2715 Herodianus
1183 2647 1473 2731 exempla
1536 2647 1768 2712 afferre
1812 2648 1953 2712 vult
2002 2647 2176 2713 verbi
2223 2646 2299 2737 ἠν
2346 2649 2696 2735 singularis

344 2755 589 2840 primae
619 2762 687 2821 et
730 2757 965 2821 tertiae
1005 2776 1316 2840 personae
1344 2756 1539 2838 atque
1576 2752 1848 2836 pluralis
1880 2755 2227 2822 earundem
2254 2778 2694 2843 personarum.

347 2861 561 2928 Affert
607 2862 888 2946 primum
933 2863 1243 2946 exempla,
1293 2866 1369 2927 ut
1414 2861 1689 2945 primam
1734 2865 1801 2926 et
1849 2863 2110 2927 tertiam
2157 2863 2502 2950 singularis
2549 2886 2696 2951 per-

347 2990 572 3034 sonam
622 2968 1048 3046 demonstret3
1096 2967 1327 3034 deinde
1373 2991 1450 3034 ex
1496 2966 1823 3034 Simonide
1870 2970 2232 3053 exemplum
2274 2971 2524 3056 primae
2550 2993 2696 3058 per-

343 3098 539 3142 sonae
585 3076 854 3161 pluralis
881 3075 1154 3153 numeri,
1201 3077 1541 3160 postquam
1568 3075 1903 3159 praemisit
1931 3074 2103 3144 hunc
2133 3076 2231 3142 ita
2261 3077 2337 3167 ἦν
2369 3077 2693 3152 adhibere.

346 3182 529 3260 Quod
575 3187 795 3248 autem
840 3186 981 3247 tum
1026 3181 1236 3248 addit:
1289 3181 1422 3248 ἀντὶ
1466 3185 1582 3269 γὰρ
1630 3192 1735 3249 τοῦ
1782 3181 1935 3272 ἦμεν
1982 3182 2079 3272 ἦν,
2136 3206 2526 3270 quamquam
2566 3185 2696 3251 iam

346 3291 513 3356 idem
572 3293 768 3357 antea
825 3290 971 3357 aliis
1026 3290 1235 3356 verbis
1291 3288 1477 3370 dixit,
1541 3289 1772 3374 opinor
1817 3294 1964 3376 post
2009 3290 2166 3357 haec
2211 3291 2409 3359 verba
2454 3291 2696 3379 aliquid

347 3396 676 3486 excidisse,
736 3397 982 3463 scilicet
1055 3397 1231 3462 aliud
1295 3397 1655 3481 exemplum
1719 3396 1963 3482 primae
2031 3420 2338 3484 personae
2405 3400 2697 3485 pluralis.

347 3502 424 3567 Id
489 3508 706 3568 autem
769 3503 1059 3569 invenire
1123 3503 1307 3570 nobis
1369 3504 1522 3570 licet
1585 3503 1657 3568 in
1713 3505 2081 3572 enuntiato:
2150 3511 2258 3573 καὶ
2314 3511 2510 3597 κωφοὶ
2565 3506 2695 3596 δ’ἧν

349 3614 787 3696 προπάροιθεν,
868 3610 979 3677 ubi
1058 3610 1253 3676 etiam
1323 3612 1377 3677 δ’
1443 3614 1590 3697 post
1657 3617 1856 3701 κωφοὶ
1924 3613 2211 3697 aliquam
2277 3614 2696 3682 offensionem

349 3718 638 3802 praebet.
731 3716 1093 3784 Verborum
1139 3719 1345 3804 igitur
1389 3718 1547 3784 ordo
1592 3718 1697 3783 hie
1744 3720 1898 3785 erit:
1948 3719 2080 3814 &vti
2124 3723 2240 3808 γὰρ
2287 3731 2393 3788 τοῦ
2438 3720 2591 3810 ἦμεν
2620 3720 2696 3811 ἠν

346 3830 472 3904 καὶ,
530 3830 773 3915 κωφοὶ
828 3824 977 3914 δ’ἧν
1038 3830 1588 3913 προπάροιθεν,
1654 3826 1697 3892 i.
1750 3848 1805 3892 e.
1861 3826 2122 3894 hebetes
2175 3832 2394 3904 autem
2447 3837 2697 3898 eramus

347 3937 564 4000 antea.
629 3947 634 3952 ’
675 3932 1081 3999 Postremum
1147 3934 1508 4019 exemplum
1576 3935 1812 4000 tertiae
1882 3956 2191 4018 personae
2249 3937 2520 4021 pluralis
2586 3948 2696 4025 τῆς

347 4039 477 4130 δ’ἠν
542 4051 700 4127 τρεῖς
764 4037 1036 4130 κεφαλαί
1101 4042 1392 4108 affertur.
1456 4046 1687 4131 κωφὸν,
1756 4042 1925 4126 quod
1991 4041 2189 4109 codex
2248 4042 2532 4129 praebet,
2590 4043 2697 4110 vix

346 4148 557 4213 teneri
599 4151 834 4231 potest,
883 4147 1054 4231 quod
1099 4147 1219 4212 sub
1270 4149 1464 4213 finem
1506 4151 1767 4213 tantum
1806 4152 2163 4234 exemplum
2209 4172 2525 4235 personae
2555 4150 2698 4240 plu-

348 4253 505 4318 ralis
536 4256 959 4337 exspectatur.

528 4447 602 4519 2⁷)
642 4448 725 4504 Cf.
766 4448 1267 4521 Schweighaeuser,
1307 4449 1549 4522 Appian.
1587 4451 1685 4517 111,
1727 4469 1853 4521 pag.
1891 4452 2013 4506 902.
