3226 5028
1590 238 1675 305 28

542 429 659 498 A&
707 432 991 523 ἡμέραι
1036 444 1322 518 γυναικός
1369 436 1571 504 ἐστιν
1620 436 1881 526 ἥδισται,
1929 436 2078 504 ὅταν

540 552 710 628 γαμῇ
758 565 847 618 τις
876 543 1159 631 κάκφὲρῃ
1187 547 1572 632 τεθνηκυῖαν.

453 666 632 743 Quod
693 690 843 732 vero
906 670 1135 751 poetae
1199 666 1306 732 hic
1364 670 1588 754 magni
1654 670 1922 734 interest
1978 668 2158 753 duali
2214 692 2499 747 numero,
2565 671 2676 753 qui
2733 673 2800 761 et

454 773 589 858 ipse
634 774 903 858 pluralis
949 777 1066 853 est,
1116 777 1438 858 quandam
1484 775 1615 839 vim
1648 776 1953 854 tribuere,
2003 799 2144 841 cum
2175 775 2541 841 Gaisfordio
2573 778 2799 842 melius

456 878 600 946 εἰσιν
669 881 1035 955 scribemus.
1057 882 1137 964 18)
1201 918 1288 929 —-
1353 881 1644 967 Denique
1711 882 2151 969 Heusingerus
2216 883 2379 948 Xen.
2441 882 2587 968 Gyr.
2645 884 2797 949 inst.

453 985 564 1065 IV,
613 986 675 1065 5,
723 989 764 1051 4
811 1009 1013 1072 prava
1058 987 1354 1071 cupidine
1400 988 1532 1056 sch.
1583 990 1653 1054 P.
1704 988 2050 1055 adhibendi
2099 995 2453 1056 commotus
2500 989 2554 1056 οἱ
2603 988 2799 1066 ἱππεῖς

459 1089 666 1168 αὐτοῖς
725 1094 854 1181 εἶχε
912 1116 1031 1178 pro
1089 1095 1276 1183 εἶχον,
1334 1095 1505 1179 quod
1562 1096 1791 1180 optimi
1850 1095 2093 1162 codices
2140 1096 2472 1181 praebent,
2521 1097 2798 1181 scripsit.

457 1199 551 1264 At
614 1222 689 1265 ex
754 1201 834 1266 iis
895 1224 1060 1288 quae
1126 1201 1259 1267 dixi
1315 1203 1473 1270 satis
1532 1206 1790 1269 constat
1839 1205 2096 1269 tantum
2152 1204 2463 1289 pluralem
2520 1203 2628 1269 hic
2685 1205 2801 1269 ad-

454 1306 666 1373 hiberi
711 1330 917 1392 posse.

1566 1523 1695 1589 IV.

633 1700 980 1786 Postquam
1042 1701 1267 1787 igitur,
1327 1703 1557 1787 quibus
1616 1703 2095 1771 condicionibus
2141 1704 2270 1771 sch.
2321 1704 2390 1769 P.
2441 1704 2801 1793 adhibitum

456 1809 563 1887 sit,
638 1810 1062 1894 exposuimuS,
1139 1810 1495 1894 quaeritur,
1569 1813 1886 1896 quomodo
1961 1810 2083 1877 hoc
2154 1813 2481 1878 schemate
2553 1812 2803 1898 singuli

457 1918 747 1981 auctores
795 1915 940 1982 inde
987 1915 1069 1982 ab
1117 1917 1585 2002 antiquissimis
1633 1918 2028 2002 temporibus
2075 1918 2174 1983 usi
2219 1918 2372 1983 sint.
2467 1916 2595 1982 Vix
2628 1917 2801 1983 enim

341 2094 346 2099 ,
455 2021 647 2088 fidem
694 2023 1069 2090 habebimus
1115 2024 1492 2091 scholiastae
1550 2025 1895 2090 recentiori
1944 2024 2027 2089 ad
2072 2023 2255 2089 Pind.
2305 2024 2404 2091 Ol.
2455 2024 2533 2104 X,
2582 2026 2645 2103 4,
2693 2026 2801 2109 qui

455 2130 658 2196 nimia
723 2131 987 2196 Pindari
1063 2131 1490 2196 admiratione
1569 2133 1922 2219 commotus
1988 2131 2145 2196 dicit
2210 2134 2531 2197 neminem
2595 2152 2802 2217 neque

456 2242 773 2303 maiorum
830 2260 1032 2324 neque
1091 2238 1516 2325 posteriorum
1576 2238 1698 2303 hoc
1755 2237 2077 2304 schemate
2136 2261 2342 2305 usum.
2366 2261 2501 2304 esse
2546 2240 2805 2325 praeter
2881 2278 2898 2324 5

457 2343 822 2411 Pindarum.
945 2346 1023 2409 ln
1105 2344 1446 2411 tractando
1528 2348 1744 2410 autem
1827 2349 2114 2411 veterum
2197 2345 2598 2432 singulorum
2684 2366 2802 2409 usu

457 2452 698 2537 optime
757 2453 1009 2520 dialecti
1071 2454 1359 2539 regulam
1421 2453 1767 2538 sequimur,
1837 2454 1933 2520 ita
1978 2457 2053 2517 ut
2100 2453 2380 2537 primum
2424 2455 2503 2519 de
2547 2451 2804 2518 Ionicae

458 2559 712 2626 dialecti
757 2565 1109 2643 poetarum,
1157 2560 1450 2643 inprimis
1489 2560 1779 2636 Homeri,
1826 2584 1966 2638 usu,
2013 2559 2238 2628 deiude
2280 2560 2357 2626 de
2397 2583 2512 2625 usu
2544 2560 2805 2626 dialecti

459 2664 759 2733 Aeolicae
824 2671 891 2732 et
958 2666 1245 2745 Doricae,
1313 2666 1584 2751 denique
1652 2668 1728 2733 de
1790 2667 2162 2733 Atticorum
2224 2672 2290 2734 et
2350 2670 2684 2752 poetarum
2740 2668 2806 2730 et

458 2774 894 2858 prosaicorum
941 2797 1059 2840 usu
1105 2775 1508 2841 disseramus.

638 2899 839 2985 Leges
925 2923 1083 2983 quas
1167 2901 1511 2966 statuimus
1597 2901 1937 2983 quominus
2008 2901 2076 2965 in
2149 2900 2444 2965 omnibus
2516 2897 2806 2964 dialectis

461 3006 741 3084 valeant,
790 3005 956 3072 nihil
1000 3006 1261 3073 obstare
1309 3029 1387 3072 ex
1432 3030 1503 3072 re
1548 3008 1692 3092 ipsa
1739 3008 1964 3084 elucet,
2014 3007 2183 3090 quod
2228 3028 2361 3072 non
2407 3029 2485 3071 ex
2531 3005 2805 3070 dialecto

460 3114 693 3198 aliqua,
742 3112 852 3178 sed
897 3135 974 3177 ex
1021 3114 1281 3200 linguae
1327 3116 1565 3180 natura
1622 3117 1817 3199 atque
1865 3114 2077 3179 indole
2125 3113 2634 3198 proficiscuntur,
2684 3111 2805 3191 vel,

462 3224 536 3287 ut
583 3221 774 3286 aliter
812 3220 1037 3300 dicam,
1084 3221 1254 3307 quod
1295 3223 1689 3287 constructio
1732 3225 1896 3288 κατὰ
1926 3224 2156 3287 σὺνεσιν
2187 3219 2422 3286 subest.
2489 3217 2808 3284 Attamen

460 3328 633 3391 inter
689 3328 868 3405 fines,
937 3327 1020 3393 ad
1077 3350 1235 3412 quos
1292 3328 1589 3415 singulae
1647 3327 1908 3394 dialecti
1964 3328 2034 3391 in
2093 3326 2215 3392 hoc
2269 3349 2389 3393 usu
2433 3347 2807 3413 progressae

461 3438 633 3510 sunt,
683 3435 1056 3501 discrimina
1100 3457 1233 3502 esse
1279 3435 1601 3502 videntur.

640 3559 913 3624 Ionica
959 3558 1291 3641 dialectus,
1353 3584 1479 3645 qua
1524 3559 1946 3625 vetustissimi
1994 3561 2220 3644 poetae
2267 3559 2562 3635 utuntur,
2615 3559 2811 3641 aptis-

463 3666 622 3731 sime
682 3668 888 3749 prima
945 3669 1283 3734 tractatur.
1376 3667 1725 3733 Eustathio
1784 3668 2044 3732 auctore
2090 3664 2171 3730 ad
2215 3664 2287 3745 P,
2337 3663 2466 3729 384
2514 3663 2810 3729 Pindari-

464 3793 607 3837 cum
653 3776 899 3839 veteres
947 3776 1201 3840 schema
1246 3775 1603 3854 nominant,
1665 3796 1797 3840 non
1843 3771 2011 3858 quod
2060 3772 2381 3839 Pindarus
2427 3769 2492 3835 id
2539 3771 2808 3851 invenit,

464 3879 574 3947 sed
638 3880 808 3964 quod
876 3881 1198 3948 schemate
1269 3882 1349 3947 ab
1411 3881 1694 3947 Homero
1760 3883 2020 3964 accepto
2083 3900 2323 3965 magno
2388 3900 2530 3943 cum
2594 3877 2809 3943 studio

463 3988 809 4077 (ζηλώσας)
870 4011 1022 4053 usus
1080 3991 1199 4055 est.
1309 3989 1632 4074 Opinatur
1697 3987 1897 4073 igitur
1953 3986 2338 4052 Eustathius
2392 3985 2809 4050 Homerum

463 4097 586 4160 hoc
652 4095 909 4161 schema
983 4097 1321 4162 invenisse.
1431 4093 1525 4159 At
1589 4095 1898 4160 eiusmodi
1961 4117 2063 4160 res
2132 4116 2301 4160 nova
2365 4093 2474 4158 vix
2536 4092 2617 4158 ab
2681 4113 2810 4157 uno

466 4200 742 4286 quodam
788 4201 1049 4267 homine
1095 4203 1444 4281 invenitur,
1491 4202 1603 4268 sed
1649 4202 1987 4287 paullatim
2033 4203 2101 4268 in
2133 4200 2443 4266 sermonis
2470 4200 2811 4267 consuetu-

649 4415 719 4488 18)
758 4416 841 4473 cf.
881 4417 1072 4474 Dissen
1109 4417 1182 4476 ad
1217 4417 1377 4474 Pind.
1415 4415 1500 4474 01.
1540 4415 1605 4483 X,
1645 4417 1693 4481 6,
1731 4435 1786 4489 p.
1828 4416 1946 4476 124.
