3226 5028
1671 266 1755 332 18

529 477 675 537 cum
704 462 1037 545 *praebeat
1091 461 1472 530 vocabulum
1516 467 1717 551 χοροί,
1776 465 1946 548 quod
1991 463 2098 531 hic
2142 465 2394 532 cantica
2441 464 2622 532 chori
2670 464 2874 550 signi-

532 569 700 649 ficet,
748 569 928 635 verbi
971 568 1323 656 singularis
1367 592 1676 637 numerus
1724 569 1883 636 satis
1932 570 2163 654 planus
2208 570 2479 638 videtur.

661 709 838 777 Duas
895 712 1098 798 igitur
1154 711 1500 779 schematis
1560 712 1888 779 Pindarici
1943 713 2185 800 species
2246 714 2375 779 iam
2435 715 2870 801 cognovimus,

529 840 691 903 quas
737 840 1028 884 severum
1074 822 1142 886 et
1185 819 1452 885 liberius
1509 819 1769 886 schema
1811 822 2148 886 nominare
2192 842 2547 904 possumuS,
2597 822 2871 887 alterum

527 924 598 990 in
645 925 1012 992 nominibus
1057 926 1415 1012 pluralibus
1460 927 1746 993 notionis
1792 928 2160 1013 singularis,
2209 929 2486 993 alterum
2532 927 2601 994 in
2647 927 2872 995 iisdem

528 1033 628 1097 vel
683 1032 997 1099 similibus
1055 1034 1424 1100 nominibus
1483 1034 1613 1099 vim
1673 1034 2071 1119 singularem
2117 1056 2251 1099 non
2294 1032 2703 1100 habentibus.
2794 1035 2873 1100 In

525 1140 847 1224 plerisque
909 1144 1126 1206 autem
1183 1163 1348 1226 quae
1407 1142 1601 1207 attuli
1662 1142 1971 1226 exemplis
2026 1163 2169 1206 cum
2229 1143 2454 1207 auctor
2502 1142 2750 1226 cogitet
2794 1141 2872 1208 de

530 1248 740 1327 rebus,
788 1269 1059 1332 quarum
1103 1270 1408 1314 numerus
1454 1251 1514 1314 ei
1558 1249 1663 1314 vel
1707 1250 1967 1335 ignotus
2007 1249 2093 1313 sit
2135 1250 2236 1314 vel
2264 1248 2533 1315 minoris
2562 1250 2872 1314 momenti

524 1352 843 1436 videatur,
891 1376 1192 1420 numerus
1238 1355 1513 1421 subiecti
1551 1355 1817 1441 pluralis
1860 1355 2018 1422 adeo
2059 1356 2426 1440 praevalere
2464 1377 2598 1421 non
2633 1357 2869 1442 potuit.

526 1459 668 1536 Qua
709 1482 787 1525 ex
817 1482 887 1525 re
914 1460 1312 1541 liberrimum
1343 1461 1690 1530 schematis
1730 1462 2057 1529 Pindarici
2084 1486 2270 1529 usum
2299 1463 2615 1548 originem
2645 1462 2872 1529 ducere

524 1567 845 1633 existimo.
919 1568 1027 1633 Ita
1071 1568 1142 1633 in
1186 1568 1559 1654 fragmento
1608 1569 1690 1634 ab
1735 1568 2107 1636 Herodiano
2153 1571 2348 1637 allato
2386 1568 2675 1653 (Boeckh
2713 1569 2863 1649 265,

523 1673 786 1760 Bergk³
844 1673 999 1758 244)
1082 1674 1302 1763 ἰαχεῖ
1353 1679 1829 1765 βαροφθεγκτᾶν
1888 1677 2165 1761 ἀγέλαι
2210 1678 2471 1743 λεόντων
2518 1678 2597 1743 de
2653 1677 2872 1743 multis

523 1783 803 1867 quidem,
852 1782 965 1848 sed
1009 1805 1278 1868 numero
1322 1784 1588 1850 incertis
1637 1785 1954 1870 gregibus
1989 1786 2244 1850 leonum
2292 1784 2613 1870 cogitavit
2657 1787 2868 1870 poeta.

522 1889 691 1955 Item
764 1889 939 1956 haud
1015 1892 1248 1956 mirum
1315 1890 1570 1957 videtur
1636 1892 1901 1957 verbum
1958 1892 2284 1978 singulare
2357 1891 2427 1957 in
2496 1892 2869 1972 enuntiatis,

525 2019 692 2080 quae
738 1999 1130 2064 sententiam
1177 1998 1460 2081 aliquam
1517 1990 1883 2083 generalem
1929 2000 2287 2079 continent,
2335 1999 2632 2077 inveniri,
2678 2000 2755 2063 ut
2800 1997 2870 2063 in

522 2106 634 2171 illo
693 2105 1064 2191 fragmento
1122 2105 1491 2186 Pindarico,
1551 2104 1723 2190 quod
1780 2106 1863 2172 ab
1921 2105 2293 2172 Herodiano
2353 2107 2396 2171 l.
2417 2098 2422 2101 ’
2444 2127 2498 2170 c.
2546 2108 2614 2170 et
2670 2103 2894 2171 schol.

525 2212 606 2278 ad
637 2200 868 2279 Aesch.
911 2212 1085 2280 Pers.
1129 2215 1214 2279 49
1245 2213 1723 2298 corruptissime
1753 2211 2066 2278 traditum
2108 2214 2189 2279 ab
2228 2211 2517 2298 Hauptio
2549 2213 2787 2297 (opusc.
2816 2212 2872 2292 I,

522 2304 670 2407 pag.
713 2319 869 2402 313)
916 2319 1294 2386 restitutum
1339 2322 1466 2386 est:

817 2512 826 2527 .
946 2443 1154 2524 κλῦθ’,
1201 2442 1456 2510 Ἀλαλὰ
1500 2442 1790 2575 Ποὶὶέμου
1835 2446 2129 2532 θὺγατερ,

946 2551 1179 2640 ἐγχέων
1225 2556 1560 2639 προοίμιον,
1607 2550 1650 2615 ἆ
1693 2555 1970 2624 θὺεται

949 2658 1223 2745 ανδρες
1269 2653 1416 2745 υπὲρ
1461 2660 1692 2725 πολίων
1739 2663 1841 2724 τὸν
1894 2657 2179 2745 ἱρόθυτον
2223 2661 2502 2725 θάνατον

519 2782 810 2868 (Boeckh
840 2784 994 2864 255,
1028 2782 1250 2868 Bergk
1279 2783 1411 2867 56).
1488 2781 1897 2868 Singularem
1942 2806 2279 2851 numerum
2325 2783 2431 2849 hic
2458 2785 2705 2850 certum
2732 2806 2869 2850 esse

517 2890 891 2957 testimonio
938 2889 1318 2956 scholiastae
1363 2888 1444 2954 ad
1490 2887 1720 2955 Aesch.
1769 2888 1944 2956 Pers,
1986 2890 2076 2955 49
2121 2890 2404 2957 docetur.
2425 2891 2504 2973 13)
2579 2889 2868 2958 Eandem

517 2997 602 3063 ob
647 3018 905 3066 causam
948 2996 1078 3061 sch.
1128 2995 1197 3062 P.
1248 2994 1611 3062 adhibitum
1659 2995 1913 3064 videtur

523 3119 1046 3199 Pind.01.V111,
1080 3118 1140 3184 8.
1191 3119 1459 3186 ἄνεται
1489 3121 1553 3185 δὲ
1581 3125 1733 3208 πρὸς
1761 3128 1944 3209 χάριν
1974 3117 2250 3207 εὐσεβίας
2280 3120 2516 3209 ἀνδρῶν
2544 3119 2767 3201 λιταί,
2788 3122 2866 3206 14)

517 3232 584 3294 et
631 3228 769 3314 Py.-
791 3228 872 3308 X,
924 3227 1003 3292 71
1056 3274 1341 3294 .....
1388 3227 1452 3294 ἐν
1500 3227 1794 3311 ἀγαθοῖσι
1839 3240 2089 3295 κεῖται

928 3357 1233 3440 πατρώϊαι
1276 3354 1487 3420 κεδναι
1531 3353 1761 3419 πολίων
1808 3377 1848 3421 κ
1860 3377 1895 3421 o
1909 3356 1944 3439 β
1957 3378 1985 3419 ε
1999 3378 2033 3441 ρ
2051 3376 2081 3420 ν
2098 3359 2256 3420 ἀσιε
2271 3380 2320 3429 ς.

700 3548 772 3620 18)
813 3544 995 3607 Schol.
1032 3549 1121 3605 ad.
1161 3549 1352 3604 Aesch.
1390 3549 1537 3604 Pers.
1574 3548 1677 3605 49:
1715 3546 1868 3601 κλῦθι
1904 3549 1997 3603 κτὲ
2014 3588 2027 3601 .
2055 3588 2068 3601 .
2094 3588 2106 3601 .
2146 3549 2303 3612 οὕτως
2339 3555 2533 3602 στεῦται
2568 3550 2724 3603 ἑνικὸν
2759 3549 2865 3604 ἀντὶ

512 3639 870 3713 πληθυντικοῦ.

663 3793 668 3800 ‚
698 3729 770 3801 ²4)
809 3727 964 3799 λιταί]
1003 3729 1082 3786 sic
1104 3728 1455 3800 Asclepiades
1479 3729 1623 3801 legit
1645 3729 1943 3785 scholiasta
1966 3732 2207 3787 auctore.
2256 3730 2527 3800 Bergkius
2551 3733 2609 3787 et
2633 3733 2866 3788 Momm-

513 3822 696 3878 senius
742 3823 962 3893 ‘legunt
978 3863 992 3888 ‚
1049 3821 1116 3874 ut
1161 3819 1284 3875 cdd.
1341 3819 1613 3890 praebent
1626 3860 1640 3885 ,
1702 3815 1876 3880 λιταῖς.
1975 3820 2368 3876 Mommsenius
2420 3820 2483 3876 in
2539 3821 2686 3880 Ann-
2741 3822 2866 3879 crit.

512 3914 697 3984 suppl.
760 3913 836 3968 ad
900 3910 1059 3965 Pind.
1129 3908 1214 3964 01.
1278 3929 1333 3981 p.
1403 3911 1473 3965 99
1528 3910 1969 3982 interpretatur:
2026 3908 2353 3982 ‘Corripitur
2421 3910 2500 3980 (id
2565 3913 2650 3966 est
2711 3926 2865 3967 acce-

511 4002 746 4069 leratur)
812 3999 1041 4072 pietatis
1104 4002 1348 4055 virorum
1413 3996 1701 4071 precibus’,
1769 4001 1830 4054 et
1892 3999 2208 4055 acutissime
2271 4000 2417 4055 hanc
2483 4018 2639 4056 suam
2692 4001 2864 4057 inter·

513 4091 891 4162 pretationem
966 4089 1263 4146 defendere
1329 4089 1532 4146 studet.
1635 4088 1743 4143 Sed
1800 4091 1940 4159 puto
1999 4089 2209 4145 nemini
2269 4106 2396 4145 eum
2459 4107 2862 4161 persuasurum.

510 4182 672 4236 Unde
719 4181 866 4236 enim
913 4180 1071 4235 notio
1118 4178 1242 4235 viae
1257 4221 1270 4245 ‚
1317 4194 1460 4249 quae
1506 4178 1662 4235 deest
1706 4178 2026 4244 enuntiatO,
2073 4179 2319 4249 suppleri
2362 4179 2583 4251 potest?
2668 4180 2864 4250 Neque

514 4271 824 4341 quidquam
879 4286 1065 4325 rerum
1127 4267 1573 4339 praecedentium
1630 4267 1707 4322 ad
1760 4267 1910 4321 hunc
1963 4267 2243 4323 enuntiati
2297 4284 2517 4325 sensum
2571 4269 2864 4335 monstrat,

510 4377 691 4430 neque
750 4360 1144 4415 Mommsenius
1198 4357 1356 4414 nobis
1412 4357 1742 4427 persuadere
1796 4357 1981 4427 potest
2034 4355 2094 4410 in
2151 4357 2319 4413 verbo
2366 4354 2533 4409 ἄνεται
2579 4357 2863 4413 notionem

518 4450 642 4505 viae
680 4451 870 4505 inesse.
946 4449 1006 4503 Si
1042 4448 1341 4518 distinguit
1375 4448 1526 4503 inter
1564 4447 1626 4499 ἂν
1663 4447 1720 4499 et
1743 4445 1809 4499 ’ἄν
1834 4445 2045 4500 radices
2068 4445 2158 4501 illi
2182 4447 2464 4502 notionem
2491 4446 2863 4512 deminuendi,
