3226 5028
1628 257 1715 321 24

665 454 744 520 In
799 454 1192 522 carminibus
1247 454 1681 522 Hesiodeis
1728 453 2166 541 Goettlingius
2211 456 2282 520 in
2326 454 2502 522 Scut.
2557 453 2683 519 113
2729 475 2835 520 oo-

489 561 701 629 dicum
747 562 1208 628 nonnullorum
1255 562 1713 629 auctoritatem
1758 564 2013 629 secutus
2058 562 2189 629 sch.
2240 561 2311 629 P.
2358 561 2663 628 adhibere
2689 564 2835 628 ten·

489 670 593 734 tat
635 670 885 753 legen&
1250 741 1322 806 οἳ
1365 740 1439 828 δή
1488 763 1591 830 σφι
1641 740 1859 829 σφεδὸν
1905 738 2068 806 εἶσι.

491 862 614 931 Sed
659 856 785 930 loci
830 887 1052 931 sensus
1099 887 1227 931 non
1275 865 1566 949 postulat
1612 863 1745 942 εἶσι,
1793 886 1999 949 neque
2046 867 2164 946 est,
2213 886 2326 929 cur
2354 863 2468 930 εἰσι
2496 864 2838 949 reprehen-

489 970 713 1037 damus
776 996 814 1038 a
859 973 1313 1038 recentissimis
1360 970 1500 1038 edd.
1549 973 1893 1058 receptum.
1947 1008 2029 1018 -
2077 971 2323 1038 Deinde
2369 972 2439 1038 in
2485 972 2658 1039 Scut.
2708 969 2838 1036 245

491 1077 1010 1163 corruptissimus
1068 1083 1168 1145 est
1223 1080 1402 1146 locus
1419 1131 1434 1161 ,
1501 1079 1681 1144 cuius
1735 1077 2099 1145 emendatio
2168 1081 2429 1164 propter
2484 1079 2839 1146 incertissi-

490 1208 663 1251 mam
711 1187 999 1252 codicum
1045 1187 1388 1277 lectionem
1432 1186 1813 1253 difficillima
1860 1189 1980 1251 est.
2052 1183 2489 1272 Goettlingius
2534 1186 2834 1275 praebet:

580 1294 798 1380 ἄνδρες
845 1293 916 1373 δ’,
967 1296 1027 1360 οἳ
1069 1299 1363 1384 πρεςβήες
1410 1295 1580 1374 ἔσαν,
1629 1300 1790 1382 γήρᾳ
1835 1292 1886 1358 τ’
1933 1292 2309 1380 ἐμέμαρπτο,

490 1401 692 1468 refert
759 1402 965 1487 igitur
1010 1401 1402 1486 singularem
1462 1423 1801 1467 numerum
1857 1399 2213 1487 ἐμὲμαρπτο
2273 1399 2355 1465 ad
2404 1401 2714 1485 pluralem
2761 1401 2833 1467 οἵ.

489 1506 583 1572 At
639 1507 892 1575 numeri
948 1508 1224 1574 mutatio
1284 1508 1431 1575 ἕσαν
1477 1556 1492 1573 .
1535 1560 1551 1576 .
1601 1557 1620 1574 .
1660 1507 2014 1595 ἐμέμαρπτο
2072 1504 2486 1573 offensionem
2546 1508 2836 1591 praebet:

492 1614 712 1699 itaque
770 1614 1118 1679 conicimus
1172 1615 1437 1681 verbum
1496 1613 1657 1679 illud
1702 1636 1968 1680 numero
2013 1614 2262 1697 plurale
2309 1635 2445 1679 esse
2491 1613 2737 1695 debere,
2784 1615 2840 1680 si

490 1721 746 1808 quidem
793 1721 872 1788 ad
930 1724 990 1788 οἳ
1045 1722 1309 1787 verbum
1366 1720 1773 1788 referendum
1820 1725 1941 1787 est.
2034 1722 2173 1798 Qua
2217 1745 2294 1788 ex
2341 1746 2412 1788 re
2457 1724 2633 1789 recta
2677 1722 2835 1789 mihi

491 1829 746 1896 videtur
790 1827 1157 1895 emendatio
1203 1827 1502 1912 pendere,
1564 1832 1762 1913 atque
1806 1828 1958 1894 huic
2001 1829 2298 1913 proxima
2342 1850 2478 1895 esse
2524 1829 2839 1914 Lennepii

493 1937 886 2003 coniectura:
935 1941 1130 2025 γῆράς
1178 1959 1241 2001 τε
1288 1942 1628 2023 μέμαρπον.

628 2061 727 2127 Ex
786 2060 1649 2128 Pseudo-Manethone
1718 2083 1756 2125 a
1815 2058 2130 2126 Dorvillio
2196 2058 2277 2126 ad
2336 2057 2527 2126 Char.
2586 2083 2649 2145 p.
2712 2063 2838 2127 750

494 2169 650 2254 (659
707 2168 909 2253 Lips.)
967 2166 1095 2233 duo
1152 2168 1513 2234 afferuntur
1558 2169 1883 2252 exempla,
1932 2166 2003 2231 in
2061 2167 2291 2251 quibus
2348 2169 2480 2234 sch.
2530 2169 2601 2234 Ρ.
2650 2192 2839 2235 usur-

493 2281 717 2362 patum
764 2298 899 2342 esse
945 2276 1202 2355 dicitur,
1263 2275 1657 2360 Apotelesm.
1708 2272 1819 2354 IV,
1868 2273 2002 2339 333
2047 2277 2114 2340 et
2159 2273 2271 2356 IV,
2322 2272 2470 2340 354.
2563 2274 2674 2356 IV,
2708 2277 2837 2342 354

495 2384 666 2450 enim
713 2382 850 2449 cdd.
894 2383 1234 2469 praebent:

813 2508 1095 2597 Ἑρμείου
1143 2507 1518 2585 δ’ἀκτῖν.ες
1564 2506 1717 2598 ἐπὴν
1765 2506 2007 2595 Κρόνον
2055 2508 2475 2596 ἀκροβολῶσιν

800 2615 1008 2703 νΑρεα
1056 2615 1106 2680 τ’
1152 2615 1576 2703 ἐγρεκὺδοιμον
1624 2615 1776 2705 ἐπὴν
1823 2615 2084 2705 ἐφορῶσ’
2130 2616 2226 2682 ἐπὶ
2272 2621 2465 2704 τοῦτῳ

814 2723 889 2812 ἠὲ
934 2721 1242 2813 Διωναίης
1287 2722 1599 2810 Κὺπριδος
1645 2727 1801 2791 θοὸν
1849 2723 2081 2810 ἄστερα
2129 2726 2399 2810 βάλλῃ.

497 2850 638 2928 Quo
683 2851 821 2917 loco
869 2847 1220 2914 Dorvillius
1279 2852 1633 2914 commotus
1680 2851 1798 2928 est,
1845 2851 1922 2913 ut
1962 2846 2075 2927 IV,
2124 2847 2255 2913 333
2301 2849 2393 2913 sic
2438 2850 2837 2917 emendaret:

814 2972 1213 3060 Μαρμαρογῄ
1261 2973 1617 3050 δ’ἀκτῖνες
1664 2971 1810 3038 ὅταν
1858 2975 2282 3064 σελατηφόροο
2327 2974 2557 3062 Ἑρμοῦ

821 3080 976 3169 ἀμφὶ
1021 3082 1321 3170 σεληναίῃ
1369 3083 1618 3148 σκολιὸν
1666 3083 2041 3166 λαβὺρινθον
2090 3078 2324 3167 ὀρίνῃ.

498 3204 988 3273 Concedendum
1046 3203 1301 3290 quidem
1349 3209 1449 3271 est
1495 3207 1771 3289 utroque
1815 3207 1953 3271 loco
2001 3203 2080 3270 ad
2128 3227 2325 3270 unam
2371 3205 2559 3272 modo
2588 3207 2843 3273 stellam

496 3312 802 3380 Mercurii
866 3313 1104 3388 ἀκτῖνες
1169 3316 1462 3396 spectare
1528 3312 1643 3390 ita,
1710 3316 1788 3378 ut
1845 3312 1978 3377 sch.
2037 3310 2107 3377 P.
2170 3312 2369 3376 etiam
2424 3312 2619 3379 verbo
2666 3315 2844 3397 post-

497 3420 709 3505 posito
766 3418 1058 3485 adhiberi
1115 3419 1422 3503 potuerit.
1533 3417 1697 3484 Vide
1755 3421 2003 3498 autem,
2060 3440 2257 3504 quam
2316 3420 2483 3484 male
2539 3417 2650 3500 IV,
2712 3421 2842 3485 354

499 3526 790 3593 subiecto
854 3526 1096 3612 plurali
1161 3525 1396 3602 ἀκτῖνες
1463 3526 1742 3613 primum
1801 3526 1928 3591 duo
1993 3524 2186 3590 verba
2242 3525 2554 3609 pluralia,
2615 3524 2842 3592 deinde

499 3633 761 3699 verbum
808 3632 1138 3719 singulare
1185 3631 1501 3699 succedat.
1592 3633 1823 3719 Itaque
1865 3632 2298 3716 praeferemus
2330 3631 2843 3699 emendationem

497 3739 784 3806 Kochlii:
853 3742 921 3816 ὃς
986 3741 1052 3806 δὲ
1098 3737 1426 3831 Διωναίης,
1491 3763 1622 3826 qua
1677 3739 1809 3805 sch.
1874 3740 1944 3805 P.
2006 3761 2265 3825 prorsus
2311 3739 2584 3807 tollitur.
2677 3740 2844 3807 Item

498 3845 612 3926 IV,
661 3845 792 3912 333
837 3846 1095 3912 Kochlii
1140 3847 1330 3912 lectio
1376 3847 1583 3912 multo
1643 3845 1982 3913 dilucidior
2026 3844 2186 3911 mihi
2232 3845 2505 3928 videtur,
2552 3870 2844 3932 praeser-

497 3955 617 4019 tim
664 3976 806 4020 cum
852 3951 1026 4019 haud
1071 3954 1347 4021 multum
1394 3977 1433 4020 a
1479 3953 1769 4020 codicum
1812 3953 2087 4020 lectione
2133 3952 2415 4021 recedat:

808 4079 1240 4169 Μαρμαρογὴν
1289 4080 1649 4156 δ’ἀκτῖνος
1697 4078 1785 4146 ὅτ’
1836 4077 1911 4144 ἂν
1959 4082 2347 4169 σελαήφορος
2392 4078 2628 4169 Ἑρμῆς

810 4188 967 4277 ἀμφὶ
1012 4187 1361 4279 Σεληναίης
1408 4190 1656 4255 σκολιὸν
1703 4189 2077 4272 λαβὺρινθον
2126 4186 2317 4274 ὀρίνῃ.

501 4311 714 4379 Codex
782 4316 1225 4402 σελαήφορος
1293 4312 1571 4400 Ἑρμῆς
1641 4314 1813 4379 clare
1881 4313 2181 4398 praebet:
2246 4335 2443 4398 quam
2505 4313 2844 4381 lectionem

506 4418 858 4487 Dorvillius
903 4420 1181 4486 mutavit
1225 4421 1293 4487 et
1337 4440 1455 4505 pro
1493 4419 1758 4499 ἀκτῖνος,
1789 4420 1960 4506 quod
1990 4419 2186 4504 vulgo
2213 4419 2569 4508 legebatur,
2604 4420 2846 4499 ἀκτῖνες
