3226 5028
1538 254 1621 320 51

403 455 747 523 schematis
806 453 1181 532 Alcmanici,
1228 457 1316 519 sit
1369 458 1666 545 nostrum
1724 452 1851 517 erit
1912 475 2259 537 quaererc3
2317 474 2524 537 neque
2580 451 2749 519 enim

403 565 631 648 putare
694 584 1030 649 possumus
1093 583 1277 627 usum
1338 561 1511 627 illius
1568 561 1910 627 schematis
1974 560 2306 626 licentiam
2366 558 2554 625 modo
2615 580 2750 624 esse

406 670 746 755 poeticam.
821 665 823 668 ’
2286 656 2290 673 ’

583 811 799 878 Antea
832 816 1048 879 autem
1076 811 1694 878 commemorandum
1725 814 1823 876 est
1853 810 1995 875 usui
2025 809 2366 878 schematis
2396 808 2750 875 Alcmanici

400 920 596 985 finem
643 919 964 1003 quendam
1009 917 1344 984 definitum
1392 940 1527 983 csse
1574 916 1797 983 videri.
1889 917 2088 984 Locos
2134 916 2306 984 enim
2352 939 2512 1001 quos
2556 939 2752 1000 supra

404 1027 744 1093 attulimus
792 1025 1147 1093 accuratius
1195 1024 1607 1109 inspicientes
1655 1025 2057 1103 mirabimur,
2106 1046 2218 1090 cur
2249 1023 2539 1091 subiecta
2565 1025 2750 1090 modo

405 1152 711 1217 personae
757 1136 873 1200 aut
898 1133 1080 1198 fluvii
1125 1132 1281 1211 sint,
1329 1130 1442 1215 qui
1473 1130 1555 1194 ab
1586 1130 1868 1198 Homero
1897 1137 1972 1196 ut
1999 1154 2309 1216 personae
2336 1130 2753 1198 inducuntur.

406 1240 546 1307 Hoc
619 1242 701 1306 ad
768 1243 1073 1307 naturam
1141 1238 1546 1323 indolemque
1627 1237 1837 1304 schem
1846 1239 1972 1303 atis
2035 1238 2361 1322 pertinere
2429 1237 2618 1304 facile
2683 1260 2753 1307 se

406 1347 669 1433 praebet
713 1348 953 1432 opini0,
1011 1369 1176 1433 quae
1235 1345 1550 1430 probatur
1608 1345 1982 1411 testimonio
2030 1344 2589 1424 PhoebammoniS,
2639 1345 2751 1429 qui

405 1456 813 1541 προεπίζευξιν
850 1456 939 1521 sic
973 1454 1219 1532 definit,
1257 1454 1334 1517 ut
1356 1474 1499 1518 eam
1523 1452 1817 1519 nominet
1840 1454 2169 1543 διαστολὴν
2195 1454 2301 1518 δυο
2332 1457 2748 1539 προσώπων

403 1560 465 1626 ἐν
511 1565 842 1648 παραβολῇ
910 1567 1097 1649 μὲσου
1163 1564 1298 1648 περὶ
1362 1556 1563 1625 αὒτῶν
1628 1562 1813 1642 λόγου
1877 1558 1984 1626 κτὲ
2043 1559 2085 1624 i.
2145 1583 2198 1626 e.
2260 1558 2752 1625 disiunctionem

402 1667 672 1733 duarum
719 1689 1007 1752 person
1024 1690 1237 1732 arum
1254 1716 1270 1747 ,
1317 1668 1546 1752 quibus
1596 1665 1886 1732 additum
1933 1670 2032 1733 est
2075 1666 2519 1750 praedicatum
2563 1665 2750 1731 duale

407 1776 507 1840 vel
554 1775 798 1860 plurale
845 1774 922 1840 de
968 1777 1244 1858 utraque
1290 1795 1561 1859 persona
1605 1775 1873 1857 loquens
1920 1773 1989 1838 in
2034 1774 2244 1841 medio
2289 1773 2586 1857 positum.

583 1916 801 1982 Etiam
847 1908 1192 1981 schematis
1238 1915 1599 1983 Alcmanici
1646 1938 1837 1981 causa
1895 1918 2262 2001 quaerenda
2320 1920 2420 1982 est
2475 1917 2543 1982 in
2602 1937 2752 1983 con-

405 2023 765 2090 structione
812 2024 1083 2108 quadam
1131 2023 1286 2089 κοτά
1331 2027 1588 2089 συνεσιν.
1682 2023 1871 2090 Locis
1926 2025 2097 2090 enim
2154 2025 2368 2091 allatis
2427 2027 2618 2110 poeta
2675 2023 2752 2088 de

407 2130 652 2196 duobus
698 2131 986 2217 loquitur
1031 2153 1158 2196 una
1204 2131 1306 2195 vel
1363 2131 1553 2197 simul
1611 2130 1779 2196 idem
1840 2132 2257 2210 facientibus3
2325 2131 2544 2215 itaque
2599 2131 2751 2196 dum

403 2238 683 2323 priorem
730 2241 1204 2319 commemorat,
1264 2237 1551 2303 animum
1609 2238 1739 2304 iam
1787 2239 1868 2302 ad
1917 2240 2209 2319 alterum,
2268 2232 2379 2324 qui
2440 2260 2581 2303 cum
2639 2237 2751 2302 illo

403 2345 572 2411 idem
617 2345 795 2425 facit,
856 2345 1175 2411 convertit
1222 2349 1288 2412 et
1333 2346 1569 2432 plurali
1617 2346 1719 2410 vel
1764 2346 1941 2411 duali
1986 2346 2167 2411 verbi
2210 2367 2476 2412 numero
2521 2342 2749 2408 utitur.

408 2453 479 2533 E,
543 2454 669 2520 774
727 2475 827 2519 res
891 2453 1229 2540 perspicua
1294 2456 1411 2533 est,
1477 2452 1648 2537 quod
1713 2453 1837 2520 duo
1904 2476 1970 2520 se
2037 2453 2424 2540 coniungere
2488 2452 2753 2517 flumina

403 2582 659 2629 necesse
706 2563 803 2626 est
848 2582 1055 2645 neque
1101 2561 1316 2626 omnio
1362 2582 1563 2627 unum
1593 2563 1836 2627 flumen
1866 2583 2064 2645 aquas
2095 2561 2484 2627 confundere
2513 2563 2750 2646 potest.

404 2667 719 2734 Similiter
757 2691 816 2746 κ,
867 2666 995 2732 513
1044 2667 1551 2753 Pyriphlegetho
1598 2670 1666 2734 et
1714 2667 1988 2755 Cocytus
2033 2691 2164 2733 una
2211 2669 2276 2734 in
2311 2667 2741 2736 Acherontem

406 2795 472 2839 se
517 2774 860 2859 proiciunt,
906 2773 1076 2860 quod
1122 2775 1528 2860 intellegitur
1573 2798 1654 2842 ex
1699 2797 1887 2843 versu
1935 2777 2094 2841 515:

493 2886 684 2970 πέτρη
731 2904 795 2945 τε
842 2882 1070 2956 ξυνεσις
1119 2906 1180 2947 τε
1227 2883 1349 2946 δὺω
1395 2895 1690 2969 ποταμῶν
1738 2881 2179 2970 ἐριδουπων.33)

580 3023 805 3108 Neque
864 3025 1076 3089 minus
1141 3029 1403 3110 poetam
1458 3024 1527 3106 Υ,
1591 3025 1717 3091 138
1778 3025 1856 3092 de
1913 3024 2156 3091 duobus
2213 3024 2523 3109 personiS,
2585 3043 2750 3108 quae

404 3154 534 3197 una
578 3130 823 3217 aliquid
867 3131 1129 3211 faciant,
1179 3132 1493 3217 cogitasse
1550 3132 1784 3200 docent
1838 3135 2295 3217 subsequentes
2343 3154 2581 3211 versus,
2638 3130 2750 3194 ubi

402 3237 602 3303 etiam
649 3260 950 3304 numerus
996 3239 1261 3323 pluralis
1306 3243 1654 3326 usurpatus
1702 3244 1833 3306 est:

489 3381 530 3470 ἢ
577 3379 831 3470 Ἀχιλῆ’
875 3382 1155 3470 ἴσχωσι
1200 3387 1308 3448 καὶ
1353 3379 1465 3450 οὔκ
1511 3381 1721 3450 εἰῶσι
1769 3388 2112 3471 μάχεσθαι,

494 3485 690 3555 aovin?
737 3489 944 3553 ἔπειτα
989 3493 1097 3555 καὶ
1145 3488 1302 3576 ἄμμι
1346 3489 1491 3576 παρ’
1539 3486 1758 3578 αι’)τόφι
1807 3502 2002 3565 νεῖκος
2050 3490 2278 3577 ὀρεῖται

495 3596 827 3682 φυλοπίδος
858 3616 873 3630 ·
921 3599 1093 3684 μάλα
1141 3596 1331 3663 δ’ὦκα
1378 3598 1987 3683 διακρινθέντας
2035 3597 2142 3664 οΐω

494 3700 579 3788 ἂψ
623 3703 758 3789 ἰ’μεν
808 3701 1227 3791 Οὔλυμπόνδε,
1273 3709 1439 3773 θεῶν
1485 3704 1629 3792 μεθ’
1676 3704 1967 3794 ὁμήγυριν
2016 3705 2246 3771 ἄλλων.

409 3844 577 3911 Sane
617 3844 687 3926 Υ,
740 3846 867 3911 138
914 3847 1159 3931 plurale
1188 3849 1451 3913 verbum
1498 3848 1916 3914 offensionem
1944 3849 2249 3932 praebere
2297 3850 2531 3934 potest,
2581 3847 2749 3933 quod

404 3951 528 4018 duo
584 3954 852 4020 nomina
908 3955 1229 4038 particula
1287 3955 1325 4044 ἢ
1395 3954 1780 4021 disiunctiva
1846 3959 2287 4022 conectuntur.
2401 3954 2495 4019 At
2556 3956 2749 4040 poeta

404 4058 638 4142 plurali
683 4061 1034 4145 exprimere
1080 4063 1221 4127 vult
1264 4062 1503 4143 Iovem,
1564 4063 1676 4146 qui
1720 4063 1826 4127 hic
1872 4063 2177 4149 loquitur,
2226 4063 2546 4147 ignarum,
2605 4062 2750 4126 uter

404 4165 716 4250 proelium
762 4168 1133 4252 incepturus
1179 4169 1284 4250 sit,
1333 4173 1548 4235 utrum
1595 4169 1772 4235 Mars
1820 4194 1904 4236 an
1951 4159 2204 4255 Apollo,
2252 4176 2474 4235 tamen
2519 4172 2749 4254 putare

471 4424 476 4432 ’
554 4433 628 4504 ³³)
669 4434 750 4490 cf.
790 4434 1209 4492 Amaia-Heme
1245 4437 1317 4492 ad
1353 4455 1401 4503 κ,
1441 4438 1561 4494 515.
