3226 5028
1551 307 1635 371 13

420 524 425 535 ·
466 498 475 544 ·'
588 502 725 570 Iam
767 503 916 570 vero
962 502 1045 569 ad
1071 502 1325 569 schema
1353 501 1532 581 illud,
1582 502 1753 587 quod
1779 504 2035 591 proprie
2059 502 2302 570 dicitur
2327 501 2759 582 Pindaricum,

356 626 362 632 ·
412 611 837 696 pervenimus
932 610 1327 695 Quamquam
1370 632 1522 676 vero
1562 632 1766 694 pauca
1805 610 1940 675 eius
1974 611 2268 695 exempla
2295 609 2479 676 nobis
2508 612 2763 679 servata

410 722 582 798 sunt,
630 722 852 783 tamen
898 741 976 783 ex
1018 718 1098 783 iis
1138 718 1434 803 intellegi
1474 739 1656 802 posse
1694 716 1967 797 videtur,
2017 716 2330 801 quomodo
2361 717 2529 789 haec
2547 716 2763 802 figura

410 826 857 912 grammatica,
917 847 1080 911 quae
1138 825 1268 890 iam
1313 823 1639 914 veteribus
1697 824 2140 909 grammaticis
2187 824 2354 889 mira
2401 803 2761 908 videbatur,

407 934 478 998 in
552 933 813 1018 linguae
878 931 1158 999 Graecae
1233 909 1758 999 consuetudinem
1838 930 2106 997 venerit.
2210 922 2528 1007 Franzius
2576 932 2639 1002 1.
2705 954 2759 997 8.

409 1039 654 1124 optimc
710 1040 929 1106 docuit
982 1040 1240 1105 schema
1285 1036 1588 1129 generis
1598 1039 1891 1110 neutrius
1948 1039 2304 1123 profectum
2349 1050 2486 1108 esse
2531 1061 2580 1114 e
2612 1060 2762 1104 con-

409 1147 763 1213 structione
821 1146 1116 1231 quadam,
1175 1168 1339 1243 quae
1383 1147 1549 1212 κατὰ
1607 1148 1842 1212 σιἰνεσιν
1903 1130 2158 1225 dicitur,
2200 1146 2317 1211 ita
2360 1130 2437 1211 ut
2482 1138 2762 1232 primum

409 1253 676 1318 nomina
733 1274 880 1339 gen.
940 1257 1149 1318 neutr.
1136 1302 1173 1335 .‚
1233 1264 1508 1338 quorum
1566 1242 1778 1318 forma
1825 1246 2081 1337 quidem
2124 1252 2414 1338 pluralis,
2472 1245 2584 1318 sed
2630 1244 2763 1318 'sifi-

410 1360 677 1446 gularis
732 1361 915 1426 notio
931 1409 947 1441 ‚
1018 1381 1161 1427 cum
1225 1359 1419 1425 verbo
1485 1360 1800 1446 singulari
1865 1349 2427 1446 coniungerentur.
2539 1359 2762 1426 Simile

411 1466 714 1550 quiddam
768 1467 962 1532 etiam
1020 1456 1134 1531 (18
1155 1466 1514 1532 schemate
1526 1466 1882 1533 Pindarico
1933 1466 2352 1532 statuendum
2408 1489 2566 1533 8888
2600 1462 2764 1531 mihi

411 1574 713 1639 videtur.
779 1571 1096 1640 Attamen
1141 1556 1444 1640 Franiio
1467 1576 1831 1640 consentire
1877 1597 2009 1640 non
2038 1595 2293 1658 possum
2339 1572 2579 1640 dicenti
2625 1577 2763 1639 stu·

412 1679 588 1744 dium
634 1681 1158 1747 constructionis
1177 1682 1442 1794 generis
1477 1682 1771 1747 neutrius
1812 1681 1911 1746 im
1918 1705 1948 1746 1
1929 1682 1991 1745 t
2004 1703 2096 1747 an
2109 1679 2150 1744 d
2163 1703 2247 1747 ae
2293 1703 2553 1746 causam
2577 1675 2764 1748 881184

412 1788 607 1853 matis
675 1789 997 1854 Pindarici
1043 1811 1196 1854 8888.
1296 1774 1484 1854 cui
1476 1790 1845 1874 -,ι·8[ι8ἕιι81;
1920 1788 2119 1874 quod,
2198 1810 2342 1854 cum
2415 1778 2758 1855 schematis

414 1894 740 1961 Pindarici
785 1896 998 1981 prima
1041 1894 1536 1981 vestigia'’nobis
1568 1917 1636 1959 88
1662 1896 1992 1978 praebent,
2040 1895 2297 1962 schema
2323 1896 2580 1981 generis
2607 1919 2764 1963 neu-

410 2002 576 2066 trius
621 2002 932 2069 latissime
977 2003 1109 2068 iam
1146 2004 1349 2103 patetq‘
1373 1988 1484 2066 'ut'
1510 2002 1731 2067 omnia
1769 2023 1916 2088 gen.
1956 2006 2163 2068 neutr.
2206 2003 2470 2070 nomina
2498 2000 2763 2077 verbum

410 2110 738 2197 singulare
769 2109 950 2194 sequi
978 2109 1198 2195 possit.
1239 2100 1592 2197 'Equidem
1625 2109 1854 2194 opinor
1883 2113 2224 2195 utrumque
2257 2109 2511 2175 schema
2540 2105 2763 2176 eadem

410 2221 488 2281 ex
548 2239 736 2283 causa
794 2216 1110 2312 originem
1170 2216 1431 2315 ducere.
1490 2217 1583 2282 ita
1641 2219 1718 2280 ut
1775 2218 1974 2283 etiam
2032 2217 2377 2283 schematis
2440 2210 2763 2282 Pindarici

410 2303 555 2390 fons
602 2325 672 2389 in
718 2325 1196 2392 constructione
1247 2327 1418 2391 ’κατὰ
1477 2328 1714 2391 σι’)νεσιν
1760 2323 2162 2411 quaerendus
2208 2316 2355 2389 sit.
2409 2317 2470 2388 A
2518 2322 2763 2390 Graeca

412 2432 579 2497 enim
630 2434 859 2518 lingua
914 2439 1049 2496 ιιοιι
1094 2424 1377 2497 alienum
1434 2454 1568 2497 esse
1615 2431 1878 2497 verbum
1937 2432 2268 2518 singulare
2315 2453 2459 2497 cum
2506 2431 2764 2497 nomine

412 2541 647 2625 plurali
679 2541 1005 2625 coniungi,
1023 2539 1140 2636 cui
1163 2540 1344 2604 notio
1368 2539 1527 2605 insit
1551 2540 1920 2627 singularis,
1948 2539 2379 2627 compluribus
2403 2537 2765 2605 ostenditur

413 2648 740 2734 exemplis.
836 2644 1045 2733 Supra
1091 2647 1219 2712 iam
1261 2628 1605 2712 att'ulimus
1655 2648 1822 2713 Plat.
1853 2647 1951 2712 (18
1998 2645 2257 2733 republ.
2274 2645 2353 2725 V,
2403 2669 2464 2732 p.
2514 2645 2644 2711 463
2682 2645 2759 2712 E.-

415 2755 540 2819 ’ἐστὶ
597 2761 707 2841 μέν
765 2777 882 2821 που
937 2758 1046 2819 καὶ
1091 2752 1154 2818 ἐν
1202 2765 1335 2829 ταῖς
1384 2753 1609 2829 ἄλλαις
1657 2756 1902 2820 πόλεσιν
1951 2754 2250 2842 ἄρχοντές
2305 2778 2367 2819 τε
2406 2758 2515 2820 καὶ
2569 2755 2763 2843 δῆμος

416 2865 484 2927 et
540 2860 902 2952 docuimus.
967 2859 1285 2948 quomodo
1352 2861 1459 2927 hic
1528 2862 1793 2927 verbum
1853 2862 2179 2947 singulare
2236 2862 2323 2925 sit
2380 2861 2764 2946 intellegen-

416 2968 598 3046 dum3
663 2972 921 3034 constat
986 2971 1204 3033 autem
1269 2968 1376 3034 hic
1431 2968 1784 3036 subiectum
1848 2992 1926 3035 ex
1991 2967 2423 3054 compluribus
2484 2967 2764 3032 nomini·

415 3075 552 3156 1)88,
620 3097 787 3158 quac
852 3075 930 3142 ad
992 3098 1189 3142 unam
1251 3077 1347 3142 rei
1402 3076 1696 3162 publicae
1755 3078 1918 3143 bene
1972 3074 2374 3141 constitutae
2433 3064 2763 3140 notionem

416 3183 677 3248 verbum
725 3184 1054 3268 singulare
1099 3183 1569 3269 complectitur.
1616 3220 1706 3233 —
1752 3181 1996 3248 Deinde
2054 3181 2550 3261 constructione,
2598 3204 2764 3267 quae

413 3294 579 3356 κατὰ
635 3294 870 3356 σιἰνεσιν
936 3289 1342 3370 nominatur,
1358 3298 1363 3302 ’
1408 3290 1799 3375 explanandi
1864 3312 2115 3374 quoque
2173 3283 2325 3356 sunt
2380 3290 2503 3355 loci
2560 3288 2766 3355 Hero-

415 3397 590 3464 dotei
1260 3416 1266 3421 ·
2681 3454 2687 3461 .
2753 3458 2761 3478 ,

417 3503 469 3584 Ι,
518 3507 622 3572 26.
703 3506 762 3571 3
774 3529 891 3572 στι
935 3507 1037 3571 δὲ
1076 3508 1302 3593 μεταξὺ
1350 3517 1460 3595 τῆς
1507 3508 1784 3594 παλαιῆς
1831 3506 2042 3580 πόλιος
2100 3551 2116 3567 .
2164 3551 2179 3568 .
2229 3552 2244 3568 .
2299 3508 2408 3571 καὶ
2464 3513 2569 3570 τοῦ
2617 3488 2764 3639 νῄοῦ

418 3611 600 3678 ἑπτὰ
645 3615 944 3680 στάδιοι
997 3626 1032 3686 ζ,
2518 3637 2521 3640 ’
2746 3634 2757 3656 '

417 3723 484 3785 et
530 3718 674 3802 VII,
723 3718 830 3788 34.
906 3721 1061 3791 ἔστι
1107 3721 1196 3788 δὲ
1219 3719 1407 3787 ἑπτὰ
1453 3722 1748 3787 στάδιοι
1789 3718 1852 3793 ἐξ
1890 3679 2159 3804 Ἀβὸδοιι
2199 3717 2265 3794 ἐς
2305 3723 2415 3809 τὴν
2449 3717 2764 3801 ἀπαντίοις,

416 3826 722 3894 Videmus
778 3828 887 3896 hic
944 3829 1071 3897 ἔστι
1127 3829 1543 3896 coniunctum·
1598 3850 1735 3895 esse
1794 3849 1939 3895 cum
1996 3826 2295 3893 subiecto
2328 3825 2611 3904 numeris
2637 3825 2767 3908 (18

415 3936 623 4004 finite.
691 3936 1063 4003 Herodotus
1110 3939 1334 4008 autem.
1370 3935 1494 4016 hic,
1525 3958 1686 4010 „cum
1732 3935 1856 4001 ἔστι
1902 3933 2228 4016 scriberet,
2274 3936 2342 4008 in
2389 3933 2621 4001 animo·
2648 3933 2768 4007 ha*

416 4043 628 4111 buisse
688 4045 945 4110 videtur
1001 4043 1144 4119 ὁδὸς
1190 4042 1344 4110 ἑπτὰ
1391 4044 1673 4122 σταδίων,
1720 4046 1798 4108 ut
1842 4040 2140 4114 similiter
2186 4040 2345 4108 dicit
2387 4040 2473 4119 ΙΙ,
2522 4043 2585 4106 9.
2646 4039 2766 4121 &ab

416 4152 482 4214 δὲ
527 4150 958 4228 Ἧλιοιιπόλιος
1005 4151 1070 4227 ἐς
1120 4152 1335 4240 Θήβας
1383 4149 1510 4216 ἐστὶ
1556 4150 1869 4226 ἀνάπλοος
1916 4148 2095 4215 ἐννέα
2142 4147 2443 4237 ἡμερέων.
2537 4146 2630 4213 Ut
2658 4147 2769 4229 vhit}

417 4257 497 4324 ad
555 4259 725 4325 viam
783 4258 1277 4350 significandam
1336 4257 1531 4324 verbo
1591 4258 1909 4344 singulari
1967 4257 2179 4322 utitur
2235 4254 2624 4343 Herodotus,
2672 4255 2769 4320 ita

417 4365 623 4431 Lucas
680 4366 1081 4452 evangelista
1125 4365 1243 4446 IX,
1293 4365 1398 4446 28,
1470 4368 1545 4429 ut
1607 4367 1861 4451 tempus
1923 4364 2275 4453 significet:
2344 4361 2642 4447 ἐγένετο
2697 4364 2768 4448 ,δὲ

417 4478 572 4565 μετὰ
620 4476 758 4550 τοὺς
805 4476 1026 4559 λόγους
1074 4478 1321 4548 τοὺτους
1371 4471 1546 4548 ὠςεὶ
1587 4472 1872 4564 ἡμέραι
1921 4471 2136 4540 ὀκτώ.
2179 4508 2265 4521 ——
2295 4469 2490 4553 Aliud
2519 4470 2768 4539 dicendi
