3226 5028
1641 298 1686 364 4

585 499 591 504 ’
671 502 728 561 e.
775 492 941 573 in't,
1002 492 1153 577 337,
1210 517 1273 580 p.
1326 495 1517 577 1867,
1580 497 1686 564 22.
1779 494 1868 562 Τὸ
1917 498 2005 575 δέ,
2063 498 2373 586 χλαῖναι
2430 498 2558 564 καὶ
2602 496 2839 586 ῥήγεα

486 600 812 690 ἤχθετο,
860 600 1153 670 Αἰολικὸν
1199 615 1417 693 σχῆμα
1461 609 1566 671 καὶ
1612 602 1905 691 Δωρικόν.
1984 603 2138 669 .Κα“ι
2183 603 2296 671 εἰσὶ
2340 609 2510 691 παρα
2554 604 2837 693 Πινδάρῳ

484 719 735 775 τοιαῦτα
798 712 1021 777 πολλά.
1120 709 1401 787 Ἀττικὸς
1459 714 1524 777 δὲ
1590 712 1743 801 ἀνὴρ
1776 790 1779 795 ⁴
1810 707 1923 778 οὒκ
1988 710 2061 779 ὂὶν
2120 708 2310 787 οὕτως
2368 718 2609 801 φράσοι,
2668 713 2838 783 ἀλλὰ

488 818 591 883 διὰ
635 820 746 892 τὰς
793 814 1058 905 χλαίνας
1106 816 1232 904 ἐρεῖ
1276 817 1349 886 ἂν
1395 819 1676 908 ἤχθοντο
1722 822 2173 909 πληθυντικῶς.

664 927 726 990 6.
774 923 1280 991 Scholiorum
1325 927 1407 992 in
1454 925 1674 992 Pind.

666 1055 726 1098 a.
775 1028 873 1097 Ol.
921 1030 1001 1111 X,
1048 1032 1112 1096 4.

353 1143 359 1149 ’
483 1139 789 1222 τέλλεται]
853 1138 983 1205 ἀντὶ
1036 1148 1142 1206 τοῦ
1200 1142 1515 1207 τέλλονται
1572 1136 1630 1205 οἱ
1688 1134 1881 1226 ὕμνοι·
1983 1138 2178 1207 ἑνικὸν
2226 1140 2355 1207 ἀντὶ
2400 1143 2834 1231 πληθυντικοῦ.

2181 1245 2329 1314 vet.
2378 1246 2465 1332 (V
2465 1251 2588 1314 rat.
2638 1248 2745 1333 A).
2812 1252 2821 1258 ’

483 1352 833 1442 Σημείωσαι
880 1352 1154 1420 ἐνταῦθα
1194 1358 1263 1420 τὸ
1302 1356 1599 1419 τέλλεται·
1649 1349 1842 1429 οὐδεὶς
1883 1357 1999 1439 γὰρ
2041 1351 2175 1419 οὔτε
2210 1367 2327 1421 τῶν
2358 1363 2835 1443 προγενεστέρων

489 1457 625 1526 οὔτε
670 1473 788 1527 τῶν
834 1460 1040 1540 ἔπειτα
1087 1461 1150 1527 ἐν
1194 1470 1319 1536 τοῖς
1367 1460 1704 1547 ἀρσενικοῖς
1751 1463 1856 1526 καὶ
1894 1462 2197 1550 θηλυκοῖς
2239 1460 2491 1549 ὀνόμασι
2531 1475 2616 1549 τῷ
2656 1462 2834 1550 ἑνικῷ

485 1568 614 1635 ἀντὶ
684 1570 1100 1657 πληθυντικοῦ
1165 1565 1478 1656 ἐχρήσατο
1542 1565 1741 1652 ὥςπερ
1803 1563 1996 1643 οὗτος.
2097 1567 2311 1657 Ἧμεῖς
2357 1570 2443 1647 δέ,
2500 1569 2551 1636 εἰ
2597 1575 2702 1638 καὶ
2748 1577 2834 1661 μὴ

484 1674 545 1742 ἐν
608 1674 826 1751 ἄλλοις
877 1674 1145 1765 ταυτηνῖ
1167 1680 1274 1763 τὴν
1320 1681 1704 1761 παρανομίαν
1752 1669 1928 1749 οὖτος
1976 1674 2181 1755 ἐποίει,
2242 1677 2508 1763 εἴποιμεν
2556 1676 2629 1744 ἂν
2684 1685 2835 1766 πρὸς

481 1787 550 1847 τὸ
609 1788 819 1850 πιστὸν
878 1782 1082 1869 ὅρκιον
1140 1782 1554 1847 ἀποδεδόσθαι
1611 1786 1680 1846 τὸ
1735 1783 2010 1847 τέλλεται
2067 1779 2257 1858 οὕτως
2307 1802 2321 1818 ·
2370 1781 2426 1849 οἱ
2474 1786 2834 1871 μελιγάρυες

482 1885 657 1977 ὐμνοι
724 1891 915 1979 ἀρχαὶ
979 1894 1084 1957 καὶ
1146 1895 1479 1978 προφάσεις
1543 1900 1660 1954 τῶν
1718 1884 1980 1976 ὑστέρων
2039 1885 2186 1976 ὖπὲρ
2246 1886 2429 1958 αὐτοῦ
2487 1893 2684 1974 λόγων
2729 1896 2835 1960 καὶ

479 2002 686 2064 πιστὸν
733 1997 937 2085 ὅρκιον
983 2000 1259 2063 τέλλεται
1304 2007 1438 2072 ταῖς
1485 1998 1783 2083 μεγάλαις
1833 1992 2019 2061 αὐτοῦ
2070 1996 2332 2083 ἀρεταῖς.
2376 2056 2381 2060 .
2593 1998 2744 2065 Rec.

659 2105 721 2171 b.
769 2104 883 2190 Py.
931 2105 1010 2185 X,
1061 2106 1163 2171 71.
1258 2101 1362 2190 Τῷ
1420 2107 1536 2190 γὰρ
1584 2114 1776 2170 κεῖται
1823 2103 1952 2170 ἀντὶ
1995 2112 2100 2171 τοῦ
2147 2115 2369 2171 κεῖνται
2415 2110 2704 2195 συνήθως
2750 2107 2834 2193 τῷ

482 2219 757 2302 σχήματι
802 2219 1123 2302 κέχρηται.
2230 2255 2236 2259 «
2562 2211 2742 2280 Gott.

660 2343 713 2385 e.
763 2317 926 2385 Isth.
984 2317 1097 2398 IV,
1162 2315 1270 2384 57.
1356 2314 1556 2384 Ἔνιοι
1626 2318 1691 2381 δὲ
1754 2320 2290 2407 καταλληλότερον
2353 2325 2653 2409 γράφουσι
2728 2324 2834 2388 σὺν

480 2439 565 2513 τῷ
623 2429 666 2493 ν
713 2422 890 2501 ἔκνιΕ’
951 2427 1103 2504 ὄπιν,
1158 2424 1235 2493 ἵν’
1294 2424 1336 2510 ᾖ
1395 2423 1761 2511 Πινδαρικὸν
1807 2436 2044 2513 σχῆμα.
2149 2422 2284 2494 Οὔκ
2329 2427 2562 2501 ἔκνιΕαν
2610 2425 2674 2493 αἱ
2722 2429 2834 2493 δα-

481 2540 664 2602 πάναι
724 2531 862 2601 οὐδὲ
919 2534 952 2599 ὁ
999 2537 1247 2622 μόχθος
1296 2529 1492 2599 αὐτῶν
1537 2536 1931 2622 τετυφλωται,
1992 2533 2159 2599 ἀλλὰ
2206 2534 2514 2622 ὀξυδερκεῖ
2553 2539 2658 2603 καὶ
2704 2536 2834 2624 ἔχει

481 2646 650 2708 καλὰ
715 2642 1200 2729 ἀποτελέσματα·
1276 2640 1425 2716 ὦςτε
1489 2640 1639 2707 εἶναι
1687 2661 1702 2675 ·
1750 2638 1890 2707 οὐδὲ
1954 2640 2173 2707 ὁπόσαι
2233 2642 2496 2730 δαπάναι
2553 2648 2660 2732 τήν
2716 2656 2834 2711 τῶν

483 2749 742 2817 ἐλπίδων
808 2750 960 2829 ὄπιν,
1039 2754 1336 2817 τουτέστιν
1399 2753 1468 2814 τὸ
1533 2750 1760 2836 μέλλον
1826 2748 2016 2814 ὀπίσω
2083 2748 2357 2826 ἔσεσθαι,
2423 2750 2666 2818 ἕκνισαν
2729 2755 2836 2816 καὶ

484 2853 816 2947 ἐλύπησαν.

661 2964 758 3030 Ae
813 2964 1088 3048 primum
1146 2962 1405 3049 quidem
1465 2962 1653 3028 nobis
1700 2963 2137 3047 quaerendum
2195 2966 2323 3044 esiz,
2399 2986 2553 3029 num
2613 2975 2832 3031 omnes

480 3072 549 3137 hi
598 3073 722 3139 loci
766 3071 891 3139 huc
937 3072 1329 3158 periineant.
1421 3069 1736 3136 Dubitare
1796 3072 2011 3136 auizem
2069 3092 2200 3136 non
2258 3092 2613 3155 possumne,
2673 3073 2832 3156 quin

481 3180 861 3246 testimonia
906 3177 1279 3257 Herodiani,
1327 3177 1760 3257 Lesbonaetis,
1807 3176 2138 3243 Eusizaizhii
2187 3179 2255 3244 in
2300 3176 2372 3256 P,
2422 3177 2573 3258 384,
2635 3179 2832 3245 schol.

482 3290 550 3353 in
584 3283 769 3353 Pind.
816 3284 978 3352 Isth.
1008 3284 1121 3364 IV,
1168 3283 1257 3348 57
1303 3283 1429 3350 hue
1456 3284 1592 3348 sint
1622 3284 1977 3364 referenda,
2024 3285 2334 3369 quoniam
2364 3305 2598 3351 nomen
2625 3287 2834 3370 ipsum

482 3393 825 3460 schematis
853 3387 1183 3460 Pindarici
1228 3391 1356 3457 illis
1401 3391 1557 3457 locis
1588 3389 1951 3457 adhibetur.
2043 3390 2148 3456 Ab
2176 3392 2257 3458 iis
2285 3414 2416 3459 non
2443 3392 2836 3479 seiungenda

485 3504 638 3568 sunia
694 3502 809 3567 illa
868 3498 1251 3578 HeraclidiS,
1310 3496 1647 3582 Apollonii
1703 3497 1984 3583 Dyscoli,
2043 3498 2372 3564 Eustathii
2431 3499 2500 3563 in
2553 3496 2626 3577 Δ,
2679 3499 2833 3580 438,

484 3607 681 3673 schol.
747 3609 818 3673 in
882 3607 1067 3674 Pind.
1128 3604 1226 3672 Ol.
1285 3605 1364 3685 X,
1428 3606 1472 3670 4
1532 3609 1598 3672 eia
1658 3606 1754 3690 Py
1809 3605 1888 3685 X,
1952 3606 2056 3682 71,
2122 3606 2234 3671 ubi
2289 3607 2392 3673 vel
2456 3606 2693 3673 diserte
2756 3607 2833 3673 de

483 3715 807 3780 schemate
853 3714 1135 3799 quodam
1184 3712 1449 3779 Pindari
1495 3714 1770 3779 maxime
1815 3714 2076 3800 proprio
2123 3713 2360 3780 diciizur
2408 3715 2508 3780 vel
2553 3701 2830 3780 eiusdem

486 3822 833 3889 schematis
860 3846 1032 3902 usne,
1082 3823 1207 3888 eizsi
1251 3845 1384 3890 non
1414 3821 1820 3902 nominatim,
1869 3824 2419 3888 commemoratam.
2513 3820 2834 3886 Dubitan-

487 3930 641 3995 dum
668 3933 889 3996 tamen
936 3923 1053 4011 est,
1102 3953 1258 3996 num
1287 3931 1485 3995 etiam
1512 3928 1849 3995 Eusizhatii
1895 3931 2089 3995 notae
2134 3929 2203 3995 in
2231 3927 2321 4008 Ψ,
2370 3927 2521 4009 381,
2571 3952 2631 4007 α,
2678 3927 2830 4009 415,

484 4063 537 4115 τ,
589 4041 713 4105 377
766 4038 891 4104 hue
936 4038 1068 4103 siniz
1094 4037 1436 4103 vocandae.
1529 4036 1713 4114 Quod
1761 4040 1978 4102 autem
2024 4035 2107 4103 ad
2154 4060 2215 4115 α,
2244 4079 2249 4084 -
2275 4036 2404 4101 415
2448 4035 2832 4101 Eustathius

488 4145 700 4210 locum
748 4145 1084 4230 quendam,
1133 4167 1258 4228 quo
1304 4144 1434 4210 seh.
1466 4143 1650 4210 Pind.
1687 4143 2051 4209 adhibiizum
2098 4166 2231 4210 esse
2277 4142 2414 4227 ipse
2444 4145 2667 4210 aucizor
2713 4146 2831 4223 esta,

486 4254 989 4338 comparandum
1035 4254 1242 4332 afferi,
1299 4256 1524 4318 notam
1571 4252 1641 4316 in
1687 4275 1749 4330 α,
1806 4252 1935 4316 415
1985 4251 2134 4330 illis,
2194 4272 2352 4333 quos
2411 4253 2606 4316 antea
2663 4272 2835 4316 eom-

484 4363 997 4440 memoravimuS,
1046 4360 1200 4426 locis
1248 4359 1686 4445 adiungemus„
1779 4358 1859 4422 In
1905 4362 2063 4423 nota
2110 4359 2191 4423 ad
2219 4355 2307 4437 Ψ,
2340 4356 2461 4422 381
2503 4357 2833 4423 obscurius

487 4473 605 4549 est,
655 4471 871 4533 utrum
903 4467 1291 4533 Eustathius
1338 4469 1470 4535 sch.
1503 4466 1688 4532 Pind.
1739 4466 1945 4533 statui
1973 4466 2132 4532 velit
2178 4488 2396 4535 neone.
2491 4464 2617 4531 Hie
2661 4465 2832 4531 enim
