3226 5028
1612 296 1700 362 14

473 510 678 577 genus
724 491 1201 560 constructione
1245 496 1410 561 κατὰ
1452 496 1689 561 σίινεσιν
1736 494 2033 560 effectum
2079 492 2342 560 exhibet
2387 491 2706 558 Hesiodus
2752 489 2822 555 in

472 597 718 685 Theog.
769 601 896 665 788
944 622 1041 685 sq.

647 758 754 834 ’Ee
800 757 964 847 ἱεροῦ
1009 771 1309 857 ποταμοῖο
1356 759 1478 848 ῥέει
1527 762 1628 826 διὰ
1679 763 1868 828 νὺκτα
1916 761 2213 846 μέλαιναν

648 865 968 933 Ὠκεανοῖο
1013 872 1233 955 κέρας·
1279 859 1509 957 δεκατὴ
1555 864 1720 933 δ’ὲπὶ
1767 877 1952 954 μοῖρα
1998 867 2307 932 δέδασται.

648 973 916 1040 Ἐννέα
962 978 1072 1063 μὲν
1118 978 1256 1062 περὶ
1300 986 1414 1064 γῆν
1461 998 1524 1040 τε
1569 978 1680 1042 καὶ
1724 970 1906 1061 εὐρέα
1955 986 2117 1039 νῶτα
2162 974 2496 1062 θαλάσσης

647 1082 818 1168 δίνῃς
865 1080 1170 1169 ἀργυρέῃς
1216 1079 1652 1169 εἱλιγμένος
1698 1078 1784 1158 εἰς
1833 1079 1960 1146 ἅλα
2006 1086 2283 1147 πίπτει.

471 1221 816 1305 Matthiae,
861 1246 962 1311 gr.
1009 1244 1110 1310 gr.
1158 1223 1189 1270 3
1234 1224 1271 1308 ἐ
1316 1222 1469 1305 304,
1519 1225 1551 1290 1
1603 1228 1799 1311 putat
1845 1222 1928 1291 ad
1974 1245 2231 1290 sensum
2277 1225 2444 1290 hanc
2487 1245 2622 1289 esse
2668 1244 2819 1289 con-

467 1330 913 1411 structionem,
972 1331 1143 1416 quod
1198 1329 1378 1397 ἐννέα
1433 1331 1594 1415 (scil.
1657 1332 1892 1419 μοῖραι)
1947 1331 2239 1399 Oceanus
2295 1330 2430 1416 ipse
2444 1377 2462 1409 ‚
2519 1329 2631 1415 qui
2676 1351 2819 1415 pro·

465 1437 606 1523 prie
661 1438 753 1505 sic
806 1438 1201 1517 nominatur,
1248 1438 1355 1503 sit.
1449 1437 1567 1504 Cui
1613 1439 1937 1525 consentit
1983 1437 2369 1518 Wrobelius‚
2418 1436 2496 1502 de
2540 1437 2814 1524 generis,

464 1544 751 1624 numeri,
819 1566 1077 1610 casuum
1145 1544 1561 1613 anacoluthia
1628 1544 1797 1632 apud
1867 1543 2143 1612 Graecos
2211 1548 2438 1628 poetas
2511 1544 2813 1628 tragicos,

463 1650 679 1718 Berol.
740 1650 934 1731 1872,
992 1671 1143 1737 pag.
1205 1648 1313 1716 31.
1424 1638 1915 1720 Concedendum
1969 1651 2227 1737 quidem
2281 1654 2382 1716 est
2440 1650 2610 1716 hanc
2664 1671 2816 1716 con-

461 1758 882 1825 structionem
906 1756 1251 1825 admodum
1272 1780 1405 1823 esse
1436 1758 1779 1837 insuetam,
1805 1759 1870 1824 id
1893 1757 2063 1844 quod
2086 1762 2258 1824 recte
2283 1756 2560 1822 adnotat
2588 1755 2816 1824 Goett-

463 1864 702 1952 lingius
761 1863 845 1930 ad
891 1864 955 1930 h.
1003 1865 1046 1930 l.
1113 1863 1207 1930 At
1253 1866 1459 1930 multo
1505 1864 1834 1932 difficilior
1879 1869 1979 1931 est
2024 1865 2161 1931 eius
2207 1865 2579 1932 coniectura
2625 1862 2812 1948 εἱλιγ-

464 1978 664 2061 μέναι,
731 1973 832 2038 cui
892 1970 1129 2056 plurali
1192 1975 1269 2036 ut
1330 1973 1629 2040 succedat
1690 1974 1891 2039 πίπτει
1944 1972 2053 2039 vix
2108 1971 2250 2037 fieri
2307 1972 2542 2058 possit3
2608 1994 2814 2058 neque

462 2081 633 2167 enim
715 2079 944 2145 similis
1005 2080 1181 2145 locus
1254 2078 1639 2146 invenietur.
1751 2078 1993 2145 Afferri
2056 2082 2274 2165 autem
2336 2083 2606 2164 possunt
2668 2080 2813 2157 loci,

459 2187 572 2280 ubi
651 2186 1062 2273 participium
1149 2187 1473 2273 singulare
1560 2208 1704 2252 cum
1791 2186 2051 2254 nomine
2128 2187 2384 2272 plurali.
2462 2187 2566 2253 cui
2638 2189 2811 2253 inest

461 2294 811 2381 singularis
859 2294 1073 2374 notio,
1132 2297 1234 2361 est
1278 2294 1722 2373 coniunctum,
1770 2296 1846 2358 ut
1900 2293 2057 2359 Her.
2117 2291 2194 2375 V,
2245 2293 2393 2360 115.
2451 2306 2569 2359 τῶν
2634 2296 2700 2359 δὲ
2745 2293 2808 2359 ἐν

461 2400 696 2489 Κὺπρῳ
753 2402 982 2468 πολίων
1046 2401 1375 2488 ἀντέσχε
1432 2408 1660 2488 χρόνον
1717 2399 1812 2466 ἐπὶ
1867 2402 2146 2466 πλεῖστον
2204 2403 2809 2490 πολιορκεομένη

459 2506 717 2586 Σόλοι,
766 2513 897 2598 τὴν
930 2559 945 2574 .
979 2558 994 2574 .
1028 2558 1043 2575 .
1076 2559 1092 2575 .
1138 2513 1391 2597 πέμπτῳ
1439 2512 1585 2599 μηνὶ
1631 2506 1796 2575 εἷλον
1844 2504 1901 2575 οἱ
1947 2507 2203 2594 Πέρσαι·
2232 2510 2300 2573 et
2327 2509 2603 2574 Pausan.
2631 2506 2808 2585 VIII,

458 2615 566 2697 33,
615 2617 677 2682 2.
779 2614 1139 2705 Μυκῆναι
1185 2622 1297 2704 μέν
1347 2639 1412 2699 γε
1470 2625 1575 2682 τοῦ
1622 2621 1774 2702 πρὸς
1819 2614 1982 2704 Ἰλίῳ
2028 2619 2300 2703 πολέμου
2345 2625 2470 2691 τοῖς
2497 2613 2803 2704 Ἕλλησιν

457 2722 921 2813 ἡγησαμένη.
938 2723 993 2807 5)
1080 2722 1200 2788 Est
1246 2722 1448 2811 igitur
1503 2723 1616 2788 illo
1661 2723 1797 2788 loco
1844 2722 2161 2789 Hesiodeo
2207 2722 2557 2808 singularis
2602 2724 2808 2810 parti-

455 2830 607 2914 cipii
663 2831 965 2895 numerus
1032 2827 1359 2895 adhibitus
1415 2829 1600 2914 eique
1657 2829 2206 2896 accommodatum
2264 2831 2528 2897 verbum
2590 2835 2804 2897 πίπτει.

467 2973 540 2983 -
591 2935 1000 3021 Singularem
1044 2958 1297 3021 quoque
1343 2935 1521 3001 verbi
1565 2959 1903 3003 numerum
1950 2960 2169 3004 omnes
2214 2936 2460 3003 codices
2490 2938 2803 3022 praebent

454 3043 608 3110 Hes.
639 3043 813 3109 Scut.
847 3044 974 3108 254
1025 3093 1040 3109 .
1091 3092 1105 3107 .
1159 3092 1174 3108 .
1224 3044 1291 3109 ὃν
1339 3044 1406 3108 δὲ
1452 3055 1690 3129 πρῶτον
1739 3050 2229 3132 μεμάρποιεν,

1018 3200 1033 3216 .
1082 3199 1098 3215 .
1147 3199 1162 3215 .
1211 3199 1227 3215 .
1276 3150 1433 3239 ἀμφὶ
1479 3155 1588 3237 μὲν
1638 3146 1803 3239 αὐτῷ

1015 3256 1229 3343 βάλλ’
1276 3258 1509 3345 ὄνυχας
1557 3260 1881 3344 μεγάλους.

446 3398 923 3484 Significantur
980 3399 1088 3464 hic
1149 3397 1214 3465 αἱ
1271 3397 1501 3488 Κῆρες.
1612 3399 1692 3466 In
1749 3399 2062 3486 singulari
2119 3403 2333 3468 autom
2392 3400 2573 3486 βάλλ’
2632 3399 2802 3466 inest

433 3504 679 3595 ’Κῆρας
726 3528 858 3571 non
902 3528 1123 3573 omnes
1170 3529 1333 3588 una,
1392 3506 1503 3573 sed
1550 3508 1835 3595 singulas
1881 3507 2103 3573 iecisse
2149 3508 2487 3598 ungues.⁶)
2562 3507 2802 3573 Distri-

453 3612 737 3679 butionis
792 3613 999 3699 igitur
1055 3615 1525 3698 quodammodo
1583 3615 1766 3681 notio
1825 3615 1996 3680 inest
2053 3615 2123 3679 in
2168 3615 2501 3700 singulari.
2593 3614 2799 3691 Quam

452 3719 536 3785 ad
604 3742 738 3785 rem
807 3741 960 3785 usus
1027 3721 1137 3786 ille
1191 3721 1349 3788 satis
1406 3725 1600 3786 notus
1658 3721 1936 3788 fortasse
2001 3721 2233 3802 valuit,
2301 3722 2471 3806 quod
2538 3720 2799 3788 verbum

451 3847 581 3892 non
642 3827 928 3893 subiecto
984 3827 1254 3912 plurali,
1302 3827 1412 3894 sed
1459 3829 1884 3914 appositionis
1939 3830 2079 3896 loco
2138 3829 2198 3894 ei
2244 3828 2503 3894 additae
2546 3828 2798 3895 notioni

449 3933 933 4014 distributivae,
992 3937 1068 3999 ut
1111 3946 1255 4014 πᾶς,
1311 3935 1591 4015 ἕκαστος,
1654 3934 2200 4003 accommodatum
2256 3940 2375 4001 est.
2467 3934 2797 4002 Eiusmodi

448 4042 739 4126 exempla
786 4041 916 4107 iam
963 4040 1281 4110 Homerus
1324 4045 1610 4129 praebet,
1656 4046 1732 4108 ut

628 4287 677 4360 ὅ)
716 4289 798 4346 Cf.
846 4291 905 4346 F.
955 4291 1203 4359 Richter,
1250 4292 1319 4348 de
1364 4291 1677 4363 praecipuis
1723 4292 1964 4348 Graecae
2010 4292 2239 4363 linguae
2284 4294 2639 4351 anacoluthis
2675 4311 2794 4366 spe-

447 4379 626 4437 cimen
663 4379 734 4435 11.
769 4379 1091 4450 Gottingae,
1129 4398 1170 4437 s.
1194 4398 1247 4437 a.
1272 4399 1402 4452 pag.
1428 4382 1514 4436 26.

627 4487 673 4558 ὅ)
712 4486 795 4544 of.
832 4487 1123 4553 Matthiae,
1162 4506 1215 4559 p.
1255 4489 1360 4546 794
1391 4488 1428 4555 s
1466 4488 1588 4545 293.
1664 4558 1669 4565 .
