3226 5028
1495 277 1577 343 1¹7

354 479 528 543 λαῶν
594 476 808 564 ὄχλον,
873 476 985 543 ubi
1048 476 1316 562 pluralis
1380 477 1524 542 λαοὶ
1582 496 1707 540 vox
1768 472 2084 559 singulari
2127 473 2314 547 ἔθνος
2360 473 2462 539 vel
2507 474 2704 561 ὄχλος

355 584 756 662 continetur3
815 587 956 648 tum
1013 605 1137 648 vox
1192 586 1335 648 λαοὶ
1389 585 1466 646 ut
1520 603 1721 646 unum
1777 581 2085 665 populum
2141 580 2463 668 significet
2520 603 2706 667 prae·

357 694 458 758 ter
493 691 653 758 alios
698 691 870 756 locos
916 690 1258 756 adhibetur
1304 687 1507 754 Arist.
1554 710 1700 773 equ.
1763 687 1908 753 163.
1968 691 2079 764 τὰς
2126 692 2346 775 στίχας
2393 686 2544 776 ὁρᾷς
2591 692 2703 765 τὰς

359 798 546 863 τῶνδε
592 810 710 863 τῶν
766 799 958 877 λαῶν,
1019 797 1126 861 ubi
1172 797 1250 862 de
1296 794 1797 862 Atheniensium
1842 795 2082 880 populo
2126 796 2226 860 est
2270 795 2702 880 cogitandum.

544 940 623 1006 In
669 938 1197 1006 consuetudinem
1257 941 1474 1005 autem
1532 938 1878 1023 paullatim
1923 937 2236 1023 pervenit,
2283 938 2359 1002 ut
2402 959 2547 1003 cum
2591 959 2709 1004 no-

360 1048 661 1129 minibus,
709 1047 840 1128 ubi,
888 1047 1007 1113 etsi
1064 1047 1133 1111 in
1179 1045 1417 1130 plurali
1463 1046 1697 1132 posita,
1757 1045 2147 1131 singularem
2193 1043 2509 1110 haberent
2553 1045 2705 1126 vim,

360 1155 706 1243 singularis
774 1154 953 1221 verbi
1019 1175 1323 1220 numerus
1390 1153 1909 1238 coniungeretur.
2022 1150 2239 1235 Atque
2308 1149 2375 1215 id
2436 1152 2507 1216 in
2572 1149 2708 1216 dies

361 1262 557 1328 latius
613 1265 837 1347 patere
893 1260 1102 1345 coepit
1159 1259 1273 1340 ita,
1332 1262 1408 1324 ut
1451 1281 1595 1324 cum
1630 1257 1876 1323 -iisdem
1921 1259 2024 1324 vel
2069 1258 2385 1324 similibus
2430 1257 2710 1323 nomini·

360 1367 478 1436 bus
524 1368 789 1434 verbum
833 1367 1163 1454 singulare
1209 1368 1670 1445 conecteretur‚
1715 1365 1827 1431 ubi
1874 1365 2226 1450 singularis
2271 1365 2367 1430 vis
2415 1387 2547 1431 non
2594 1365 2709 1431 ad-

362 1477 550 1541 esset.
643 1473 750 1539 Ita
813 1473 1256 1559 intellegenda
1319 1476 1472 1539 sunt
1535 1472 1734 1539 verba
1795 1472 2154 1559 singularia
2215 1472 2285 1538 in
2340 1471 2711 1558 fragmento

363 1580 762 1667 dithyrambi
808 1580 1097 1666 (Bergk3
1144 1582 1250 1661 53,
1297 1579 1561 1646 Boeckh
1606 1581 1751 1663 45):

728 1713 862 1772 τότε
909 1707 1295 1791 βάλλεται,
1343 1704 1465 1773 τότ’
1510 1704 1932 1793 ἐπ’ἆμβρόταν
1979 1710 2204 1793 χέρσον
2251 1703 2468 1793 ἐραταὶ

723 1813 836 1878 ἴων
886 1816 1144 1903 φόβαι,
1195 1811 1346 1899 ῥόδα
1393 1836 1456 1878 τε
1502 1819 1754 1900 κόμαισι
1802 1819 2099 1900 μίγνυται,

731 1917 1042 2008 ἀχεῖται
1089 1919 1377 2010 τ’ὀμφαὶ
1424 1922 1658 2007 μελέων
1706 1923 1815 1986 σὺν
1863 1916 2098 1999 αὐλοῖς,

732 2025 1141 2114 ἀχεῖταιῙῙ)
1188 2025 1465 2115 Σεμέλαν
1513 2026 1905 2115 ἑλικάμπυκα
1951 2031 2213 2115 χοροί·

368 2172 641 2236 quorum
676 2173 975 2217 versuum
1021 2152 1288 2245 tertium
1334 2151 1531 2218 etiam
1558 2151 1943 2238 Apollonius
1996 2151 2301 2238 Dyscolus
2337 2151 2380 2217 l.
2415 2174 2468 2217 c.
2500 2152 2714 2217 affert.

372 2255 794 2324 Mommsenio
849 2258 1106 2345 quidem
1164 2259 1691 2326 consentiendum
1757 2263 1855 2325 est
1914 2259 1984 2323 in
2038 2257 2386 2324 ‘Pindaros'
2434 2279 2580 2343 pag.
2631 2257 2715 2324 57

372 2364 615 2430 dicenti
659 2369 921 2450 poetam
967 2367 1170 2436 etiam
1210 2367 1608 2452 singularem
1658 2389 1991 2433 numerum
2034 2386 2343 2449 usurpare
2388 2385 2572 2450 posse
2598 2363 2714 2444 ἴος,

373 2470 574 2561 ὀμφή,
641 2478 833 2561 χορὸς
898 2496 1088 2540 sensu
1152 2495 1284 2540 non
1340 2476 1615 2539 mutate.
1723 2472 1816 2540 At
1871 2476 2136 2559 propter
2187 2471 2300 2539 ἴων
2359 2477 2445 2543 et,
2481 2474 2716 2559 μελέων

367 2578 716 2664 singularis
760 2580 1035 2646 subiecti
1079 2603 1381 2647 numerus
1426 2581 1535 2645 hic
1580 2580 2002 2648 inconcinnus
2048 2585 2246 2664 atque
2284 2581 2497 2646 minus
2529 2583 2720 2664 aptus

375 2686 659 2766 videtur3
707 2708 925 2753 vocem
968 2692 1146 2776 χοροὶ
1187 2687 1415 2754 deinde
1456 2689 1750 2755 consulto
1781 2710 1820 2754 a
1851 2690 2045 2772 poeta
2078 2687 2439 2754 adhibitam
2470 2688 2719 2772 opinor,

372 2792 541 2879 quod
604 2813 804 2860 unum
868 2796 1060 2862 modo
1124 2795 1446 2863 canticum
1512 2796 1621 2860 vix
1684 2796 2071 2882 respondeat
2135 2817 2345 2860 rerum
2413 2795 2718 2873 conexui3

373 2899 557 2968 audit
598 2902 810 2985 potius
856 2906 1048 2989 poeta
1105 2902 1177 2966 in
1222 2903 1439 2969 animo
1496 2903 1627 2968 iam
1672 2904 1926 2968 cantica
1971 2904 2179 2967 multa
2224 2901 2516 2969 Semelen
2561 2902 2724 2970 cele·-

372 3007 654 3076 brantia.
749 3007 916 3075 Sunt
959 3010 1168 3095 igitur
1214 3032 1365 3077 vera
1410 3009 1572 3075 haec
1617 3009 1883 3076 nomina
1928 3009 2229 3095 pluralia.
2324 3008 2417 3074 Ut
2459 3011 2723 3095 propius

371 3115 454 3184 ad
498 3116 789 3202 singulas
843 3116 1140 3183 notiones
1188 3116 1557 3185 accedamus
1571 3167 1587 3198 ‚
1648 3139 1844 3186 causa
1859 3166 1875 3198 ‚
1923 3139 2035 3183 cur
2079 3115 2346 3183 verbum
2391 3117 2724 3205 singulare

373 3246 517 3291 cum
581 3245 731 3290 voce
810 3226 997 3313 φόβαι
1070 3223 1569 3310 coniungeretur
1583 3274 1601 3306 ,
1666 3226 1736 3291 111
1800 3246 1875 3291 eo
1939 3224 2138 3291 fuisse
2201 3223 2455 3291 videtur
2471 3272 2489 3304 ,
2540 3223 2725 3309 quod

370 3331 626 3398 notioni
692 3329 844 3396 huic
897 3331 1123 3398 similis
1169 3333 1268 3398 vis
1322 3337 1423 3399 est
1478 3354 1554 3399 ac
1597 3331 1739 3400 voci
1782 3340 1991 3420 κόμαι,
2039 3355 2236 3418 quam
2281 3331 2545 3399 verbum
2589 3333 2726 3397 sin-

383 3439 605 3522 gulare
662 3438 845 3523 sequi
908 3460 1103 3522 supra
1158 3438 1454 3505 vidimus.
1556 3438 1796 3505 Eadem
1857 3438 1935 3505 de
1992 3461 2181 3507 causa
2239 3440 2309 3505 in
2361 3440 2727 3526 fragmento

379 3566 418 3610 a
462 3543 858 3611 Lesbonacte
916 3545 1114 3610 allato
1171 3543 1459 3631 (Boeckh
1523 3545 1676 3625 286,
1725 3545 1989 3631 Bergk³
2034 3546 2191 3631 230)
2239 3543 2624 3635 μελιῤῥόθων
2647 3547 2728 3631 12)

379 3648 642 3716 δ’ἔπεται
696 3656 1079 3740 πλόκαμοι
1139 3651 1382 3718 dictum
1438 3657 1558 3719 est.
1653 3652 1900 3719 Deinde
1958 3652 2154 3743 ὀμφαὶ
2202 3654 2346 3719 aliis
2391 3653 2549 3720 locis
2595 3653 2728 3720 sin-

377 3760 673 3845 gularem
739 3759 982 3843 ⁴habere
1050 3759 1382 3825 notionem
1455 3761 1722 3825 docetur
1794 3761 1935 3828 loco
2000 3759 2354 3847 Sophocleo
2426 3762 2492 3826 in
2571 3759 2725 3827 Oed.
2769 3756 2783 3769 ⁶

377 3865 516 3934 Col.
566 3866 716 3933 102.
775 3866 913 3934 κατ’
961 3865 1165 3957 ὀμφὰς
1223 3870 1334 3943 τὰς
1389 3864 1815 3947 Ἀπόλλωνος,
1873 3867 1988 3953 qui
2032 3868 2112 3934 ad
2158 3891 2358 3940 unum
2403 3869 2731 3936 oraculum

377 3975 659 4058 spectat;
727 3974 946 4059 itaque
1007 3996 1119 4039 cur
1174 3976 1400 4039 nostro
1458 3975 1597 4041 loco
1656 3976 1987 4062 singulare
2047 3976 2312 4041 verbum
2369 3966 2728 4044 adhibitum

376 4081 484 4159 sit,
532 4081 958 4168 intellegitur.
1049 4080 1111 4147 A
1157 4080 1564 4166 praecedenti
1610 4080 1807 4171 ὀμφαὶ
1852 4082 2026 4148 haud
2073 4084 2354 4150 alienam
2399 4084 2728 4151 notionem

564 4275 636 4344 11)
679 4278 865 4348 Bergk
903 4294 1027 4333 cum
1064 4277 1388 4333 Hermanno
1423 4275 1542 4350 ἀχεῖ
1575 4276 1621 4330 τ’
1770 4276 1940 4350 ,ἀχεῖ
1972 4295 2025 4330 τε
2060 4279 2320 4350 praefert,
2360 4296 2472 4350 qua
2507 4295 2567 4334 ro
2588 4277 2735 4333 nihil

374 4367 673 4423 schematis
708 4368 869 4423 Pind.
907 4369 1175 4423 mutatur.

559 4456 637 4528 ¹²¹)
683 4458 869 4529 Bergk
907 4458 1110 4515 conicit
1144 4454 1267 4509 παλι
1268 4453 1444 4527 ῤῥόθτο
1415 4474 1486 4509 ον.

2386 4563 2413 4604 2
