3226 5028
1509 270 1598 340 25

373 471 651 559 scripsit.
759 471 864 538 Ad
920 474 1162 539 multas
1217 472 1427 559 igitur
1471 474 1540 538 et
1593 471 1893 537 difficiles
1938 470 2414 537 emendationes
2458 471 2519 536 ei
2565 490 2717 535 con-

372 580 747 669 fugiendum
793 582 956 646 erat.

503 722 582 789 In
628 721 956 788 Pindari
1000 720 1100 787 Ol.
1148 720 1322 802 XIV,
1373 721 1457 787 13
1503 721 1643 789 cdd.
1690 721 1979 805 plerique
2025 721 2264 799 παῖδες,
2312 719 2565 786 ἐπάκοοι
2612 729 2714 784 νῦν

368 831 703 915 praebent.
816 829 998 906 Quod
1058 850 1208 895 vero
1263 832 1469 896 metro
1527 830 1776 913 syllaba
1831 825 2036 907 deest,
2099 828 2222 894 loci
2268 825 2716 893 emendatione

349 929 533 1023 'opus
580 939 697 1003 est.
772 935 998 1022 Itaque
1044 934 1408 1003 Boeckhius
1454 936 1646 1022 legit:
1695 937 1930 1014 παῖδες,
1977 933 2244 1011 ἐπάκοος
2283 941 2473 1018 γένεο,
2521 956 2716 1018 quam

287 1072 292 1077 ·
370 1044 716 1110 lectionem
773 1065 847 1109 eo
905 1043 1130 1109 fulcire
1185 1042 1436 1122 studet,
1486 1041 1659 1128 quod
1705 1045 1772 1109 in
1820 1042 2317 1108 allocutionibus
2364 1042 2715 1126 singularis

374 1154 442 1216 et
507 1151 773 1234 pluralis
842 1150 1269 1229 consocietur3
1341 1153 1414 1217 at
1482 1149 1544 1215 id
1609 1172 1743 1216 non
1788 1149 1914 1215 huc
1958 1149 2270 1236 pertineri
2318 1146 2715 1213 demontrari

370 1259 604 1342 potest.

504 1382 872 1449 Priscianus
918 1383 1091 1449 enim
1146 1380 1385 1462 XVIII,
1441 1404 1504 1466 p.
1557 1381 1729 1446 1178
1778 1382 1849 1446 Ρ.
1890 1380 2019 1446 304
2061 1380 2146 1447 Η.
2209 1381 2401 1446 affert
2439 1379 2567 1446 εἰπέ
2613 1403 2716 1466 μοι

371 1489 626 1556 Atticos
689 1490 888 1556 etiam
952 1488 1035 1556 ad
1099 1490 1337 1554 multos
1402 1488 1629 1555 dicere.
1740 1488 1919 1555 Haec
1981 1510 2083 1554 res
2140 1486 2397 1572 probari
2461 1486 2715 1573 videtur

371 1596 805 1681 compluribus
851 1596 1027 1679 locist,
1075 1598 1152 1662 ut

368 1720 536 1787 Plat.
583 1719 760 1786 Prot.
810 1720 935 1785 311
987 1720 1066 1786 D.
1158 1720 1310 1787 Εἰπέ
1364 1745 1488 1809 μοι,
1547 1720 1595 1786 ὦ
1655 1720 1981 1807 Σωκρατές
2039 1744 2102 1785 τε
2147 1724 2257 1787 καὶ
2299 1718 2714 1804 Ἱππόκρατες.

370 1829 540 1895 Plat.
598 1826 886 1912 Euthyd.
949 1828 1078 1891 283
1125 1825 1200 1892 Β.
1303 1826 1457 1892 Εἰπέ
1515 1851 1640 1915 μοι,
1699 1827 1749 1894 ὦ
1809 1826 2135 1913 Σωκρατές
2181 1851 2246 1892 τε
2290 1832 2397 1894 καὶ
2443 1822 2612 1913 ὖμεῖς
2658 1822 2716 1891 οἱ

369 1935 572 2001 ἄλλοι·
1539 1992 1574 2007 ...

368 2041 571 2107 Arist.
597 2038 882 2107 Acharn.
918 2039 1066 2105 318.
1115 2039 1267 2107 Εἰπέ
1301 2064 1421 2127 μοι,
1450 2047 1504 2106 τί
1541 2042 1922 2131 φειδόμεσθα
1954 2053 2073 2107 τῶν
2102 2043 2321 2121 λίθων,
2359 2041 2407 2106 ὦ
2434 2043 2714 2131 δημόται·

366 2146 570 2214 Arist.
621 2148 764 2214 Pac.
816 2150 969 2215 383.
1063 2147 1216 2214 Εἰπέ
1263 2171 1384 2234 μοι,
1432 2155 1487 2214 τί
1533 2147 1812 2235 πάσχετ’,
1861 2147 2105 2235 ὦνδρες·

368 2254 703 2321 Demosth.
754 2253 831 2320 de
877 2253 1095 2322 Chers.
1144 2277 1206 2339 p.
1260 2254 1407 2332 108,
1461 2256 1562 2320 74.
1659 2254 1812 2321 Εἰπέ
1858 2278 1979 2341 μοι,
2029 2258 2415 2340 βοολεὺεσθε·
2498 2314 2503 2318 .

364 2361 546 2430 Dem.
594 2361 761 2427 Phil.
808 2361 861 2441 Ι,
912 2385 971 2447 p.
1020 2361 1125 2441 43,
1180 2362 1282 2430 10.
1362 2362 1403 2452 ἢ
1450 2364 1777 2447 βοὺλεσθε,
1825 2360 1955 2428 εἰπε
1993 2388 2116 2451 μοι,
2146 2370 2476 2451 περιιόντες
2509 2361 2710 2429 αὐτῶν

365 2474 794 2538 πυνθάνεσθαι
813 2469 913 2554 16).

365 2594 459 2661 At
502 2595 801 2663 omnibus
856 2596 959 2662 his
1005 2595 1193 2674 lociS,
1252 2595 1365 2680 qui
1410 2594 1585 2675 dicit,
1635 2597 1892 2663 etiamsi
1938 2598 2293 2682 complures
2339 2598 2710 2683 alloquitur,

365 2705 588 2768 tamen
651 2725 849 2770 unum
914 2703 1103 2769 modo
1169 2701 1289 2768 sibi
1354 2724 1809 2789 responsurum
1873 2726 2010 2770 esse
2074 2724 2341 2788 sperans
2398 2704 2710 2791 singulari

367 2808 737 2893 imperativi
792 2808 1004 2875 forma
1063 2809 1310 2888 utitur3
1368 2809 1588 2894 itaque
1646 2809 1715 2875 hi
1771 2811 1898 2876 loci
1943 2809 2026 2877 ad
2071 2810 2202 2877 sch.
2254 2809 2322 2875 P.
2371 2832 2504 2875 non
2548 2813 2714 2877 refe·

365 2912 549 2979 rendi
604 2919 779 2981 sunt.
872 2915 1018 2981 Huc
1063 2914 1328 2996 accedit,
1377 2916 1549 3001 quod
1593 2918 1760 2983 Plat.
1811 2918 1985 2985 Prot.
2035 2917 2159 2982 311
2197 2916 2275 2983 D.
2326 2921 2394 2983 et
2423 2917 2708 3002 Euthyd.

369 3019 499 3085 283
546 3020 622 3085 Β.
682 3042 814 3086 non
869 3020 950 3088 ad
1008 3021 1340 3090 Socratem
1399 3027 1466 3090 et
1513 3025 1672 3090 alios
1718 3026 1819 3090 vel
1866 3024 2326 3111 Hippocratem
2371 3027 2707 3109 tamquam

366 3150 564 3193 unam
609 3150 951 3213 personam
997 3152 1204 3196 sermo
1250 3134 1523 3217 spectat,
1571 3153 1738 3216 quae
1784 3133 1884 3198 est
1921 3130 2096 3196 Astii
2125 3130 2204 3196 ad
2236 3129 2400 3196 Plat.
2433 3129 2706 3197 Phaedr.

367 3234 491 3301 371
564 3235 800 3319 opinio,
870 3237 979 3302 sed
1048 3238 1327 3322 primum
1392 3237 1471 3305 ad
1538 3238 1863 3305 Socratem
1924 3239 2148 3319 solum,
2222 3236 2454 3303 deinde
2511 3238 2712 3303 etiam

362 3341 443 3407 ad
507 3341 686 3421 alios,
752 3343 851 3408 ita
910 3346 988 3408 ut
1031 3342 1164 3410 εἰπέ
1215 3368 1318 3432 μοι
1364 3346 1658 3430 proximo
1703 3345 1951 3412 nomini
2019 3347 2106 3410 sit
2164 3343 2711 3412 accommodatum

366 3451 433 3513 et
478 3447 645 3513 nihil
690 3449 841 3514 miri
886 3450 1216 3534 praebeat.

542 3569 770 3657 Itaque
816 3571 999 3638 Pind.
1048 3570 1148 3639 Ol.
1195 3573 1368 3654 XIV,
1422 3576 1503 3641 13
1548 3579 1869 3644 malumus
1898 3575 2413 3642 emendationem
2441 3575 2714 3640 Momm-

364 3678 559 3744 senii:
646 3676 966 3746 ἐπακοοῖτε
1046 3690 1147 3746 νῦν
1163 3732 1179 3759 ,
1254 3682 1356 3747 vel
1446 3681 1745 3783 Bergkii:
1825 3684 2147 3751 ἐπακοοῖτε
2223 3707 2326 3750 νον
2405 3682 2709 3767 accipere,

365 3807 530 3870 quae
600 3784 772 3853 haud
827 3787 1103 3853 multum
1160 3812 1200 3854 a
1266 3788 1554 3856 codicum
1624 3792 1895 3858 lectione
1954 3790 2174 3857 distat.
2256 3827 2333 3837 —
2405 3787 2710 3854 Codicum

365 3892 556 3960 lectio
602 3892 885 3960 tenenda
931 3897 1030 3960 est
1075 3892 1175 3960 01.
1222 3895 1308 3976 II,
1359 3898 1476 3963 87:

1011 4067 1029 4084 .
1077 4070 1091 4085 .
1140 4069 1155 4086 .
1205 4069 1223 4088 .
1271 4025 1581 4109 μαθόντες
1630 4025 1695 4088 δὲ
1741 4025 1960 4109 λάβροι

727 4125 1146 4214 παγγλωσσίᾳ,
1194 4137 1460 4216 κόρακες
1507 4129 1612 4208 ὣς,
1663 4130 1943 4217 ἄκραντα
1988 4132 2355 4216 γαρὺετον

729 4230 875 4310 Διὸς
920 4240 1073 4322 πρὸς
1121 4237 1344 4325 ὄρνιχα
1388 4241 1583 4316 θεῖον,

548 4444 619 4519 ¹⁶)
658 4445 741 4505 Of.
780 4448 1056 4516 Knchncr‚
1093 4451 1233 4507 ausf.
1269 4468 1356 4524 gr.
1394 4450 1488 4506 Gr.
1526 4451 1559 4521 §
1595 4450 1721 4516 430,
1758 4452 1811 4514 2,
1848 4467 1898 4503 οι.
