3226 5028
1596 287 1639 352 9

438 484 704 568 ponenti
761 484 1166 550 obversatum
1224 487 1323 552 est
1368 484 1741 571 proximum
1764 486 1985 552 ‘verbo
2026 487 2259 551 nomen
2306 485 2637 572 singulare
2689 481 2790 551 vel

437 611 586 677 gen.
651 592 864 657 neutr.
930 592 1177 676 plurale
1242 591 1495 658 ratione
1551 614 1682 657 non
1728 591 1973 671 habita,
2039 596 2260 658 utrum
2323 592 2476 658 huic
2545 592 2791 659 nomini

439 697 780 764 succedant
825 698 1024 764 etiam
1074 700 1204 764 alia
1249 698 1536 765 subiecta
1580 721 1798 775 necne.
1891 699 2036 766 Hue
2083 699 2416 767 referenda
2460 705 2614 765 sunt

444 803 627 871 Pind.
676 803 795 871 Ne.
846 804 956 888 IV,
1007 808 1111 872 33.
1187 810 1264 871 τὰ
1309 810 1521 894 μακρὰ
1566 805 1910 881 δ’ὲξενέπειν
1955 806 2155 895 ἐρὺκει
2201 830 2276 894 με
2321 812 2551 895 τεθμὸς

1184 912 1339 1000 ὧραί
1385 913 1830 1001 τ’ἐπειγόμεναι.

440 1036 677 1103 Herod.
727 1036 903 1117 VIII,
952 1036 1059 1105 60.
1152 1034 1499 1106 ὑπέκκειται
1544 1044 1726 1106 τέκνα
1770 1044 1876 1107 καὶ
1920 1049 2218 1123 γυναῖκες,

438 1147 505 1209 et
552 1143 662 1223 IV,
716 1146 862 1211 121.
956 1147 1225 1212 διαιτᾶτο
1271 1150 1347 1210 τὰ
1391 1150 1576 1212 τέκνα
1621 1169 1685 1210 τε
1731 1151 1836 1213 καὶ
1882 1157 2156 1229 γυναῖκες
2204 1158 2415 1213 πᾶσαι.

440 1249 682 1321 Charit.
731 1250 809 1333 V,
858 1251 920 1317 9.
1014 1251 1271 1340 ἠκοὺετο
1318 1255 1515 1319 ποδῶν
1565 1257 1751 1338 ψόγος
1797 1258 1905 1321 καὶ
1949 1259 2212 1341 κραυγαὶ
2256 1267 2570 1338 γυναικῶν.

616 1374 1011 1461 Aptissimus
1074 1376 1304 1443 deinde
1372 1399 1675 1443 numerus
1739 1377 2087 1465 singularis
2135 1374 2281 1461 est,
2350 1379 2457 1445 ubi
2528 1379 2789 1445 verbum

441 1484 616 1550 inter
661 1483 787 1548 duo
833 1483 1121 1550 subiecta
1166 1484 1259 1549 sic
1303 1486 1404 1549 esis
1449 1483 1755 1568 positum,
1804 1488 1878 1549 ut
1922 1484 2003 1550 ad
2047 1507 2284 1551 nomen
2328 1486 2659 1572 singulare
2691 1484 2791 1551 vel

441 1611 589 1675 gen.
637 1592 851 1656 neutr.
899 1591 1148 1678 plurale
1194 1590 1261 1655 id
1307 1591 1716 1658 referendum
1763 1613 1899 1658 esse
1945 1593 2354 1659 manifestum
2403 1593 2509 1671 sit,
2557 1595 2633 1656 ut

438 1696 629 1764 Hom.
690 1696 775 1777 N,
825 1698 976 1764 264.
1068 1711 1153 1784 τῷ
1212 1722 1315 1786 μοι
1373 1700 1642 1786 δοὺρατά
1698 1699 1876 1786 τ’ἔστι
1923 1704 2029 1765 καὶ
2074 1699 2324 1776 ἀσπίδες
2369 1699 2791 1789 ὀμφαλόεσσαι

1078 1811 1186 1873 καὶ
1228 1810 1495 1892 κόρυθες
1541 1811 1649 1873 καὶ
1692 1811 2002 1895 θώρηκες.

442 1928 628 1995 Pind.
667 1929 766 1996 01.
804 1930 857 2011 Ι,
899 1930 1007 1995 95.
1079 1929 1182 1996 ἵνα
1226 1933 1499 2017 ταχυτὰς
1542 1931 1744 1997 ποδῶν
1789 1930 2046 2017 ἐρίζεται

1081 2037 1276 2124 ἀκμαί
1317 2061 1349 2102 τ
1350 2034 1586 2125 ’ὶσχὺος
1632 2041 2032 2123 θρασὺπονοι.

661 2143 761 2210 01.
806 2143 981 2224 XIII,
1030 2145 1093 2210 6.
1185 2143 1249 2211 ἐν
1293 2156 1370 2230 τᾷ
1415 2147 1531 2232 γὰρ
1579 2141 1852 2232 Εὐνομία
1896 2150 2046 2212 ναίει
2091 2150 2451 2234 κασίγνηταί
2494 2169 2576 2210 τε.
2650 2152 2655 2153 ’

665 2269 774 2356 Py.
814 2270 891 2349 X,
939 2272 998 2335 5.
1089 2270 1256 2336 ἀλλά
1302 2293 1377 2357 με
1423 2269 1622 2336 Πυθώ
1668 2294 1732 2336 τε
1779 2294 1884 2336 και
1929 2269 2283 2337 Πελινναῖον
2329 2270 2505 2336 ἀπὺει

1085 2375 1321 2443 Ἀλεὺα
1367 2401 1430 2442 τε
1474 2379 1710 2453 παῖδες.

443 2501 596 2569 Eur.
649 2501 819 2569 Med.
868 2502 1018 2568 253.
1113 2507 1207 2569 σοὶ
1255 2507 1362 2590 μὲν
1409 2504 1585 2580 πόλις
1633 2502 1799 2593 θ’ἥδ’
1845 2501 1970 2570 ἐστὶ
2015 2507 2122 2572 καὶ
2167 2508 2396 2591 πατρὸς
2442 2504 2634 2591 δόμα.

623 2628 821 2695 Verbi
867 2628 1312 2712 subsequentis
1357 2629 1637 2707 nomina,
1687 2650 1957 2713 quorum
1989 2630 2167 2714 prius
2211 2630 2467 2713 plurali,
2516 2632 2792 2696 alterum

443 2735 762 2821 singulari
795 2740 897 2801 est
939 2757 1241 2815 numere,
1299 2735 1513 2820 potius
1571 2740 2013 2822 exspectamus
2069 2758 2403 2802 numerum
2459 2737 2789 2822 pluralem,

444 2840 609 2924 quod
660 2865 892 2908 nomen
933 2842 1180 2926 plurale
1229 2840 1612 2908 antecedens
1640 2841 1721 2908 ad
1768 2844 2049 2909 auctoris
2096 2843 2382 2908 animum
2411 2842 2542 2907 vim
2586 2865 2792 2928 quan-

442 2949 588 3013 dam
634 2971 925 3015 exercere
972 2945 1206 3035 potuit.
1302 2949 1621 3015 Attamen
1669 2951 1872 3016 multa
1918 2949 2120 3015 nobis
2149 2950 2443 3036 exempla
2478 2947 2790 3016 sermonis

400 3113 408 3122 .
444 3057 511 3121 et
565 3054 879 3139 pedestris
936 3060 1004 3121 et
1062 3055 1297 3139 poetici
1354 3060 1731 3137 occurrunt,
1780 3056 1889 3121 ubi
1936 3052 2283 3146 singularis
2329 3079 2631 3124 numerus
2677 3054 2792 3120 ad-

443 3162 722 3228 hibetur.
814 3161 1091 3227 Etiamsi
1149 3163 1218 3227 in
1273 3163 1601 3229 nonnullis
1658 3162 1969 3229 eiusmodi
2026 3164 2331 3248 exemplis
2377 3186 2614 3229 nomen
2657 3161 2791 3227 sin-

442 3271 665 3355 gulare
713 3270 813 3335 vel
858 3290 1000 3355 gen
1054 3274 1268 3336 neutr.
1317 3271 1561 3354 plurale
1607 3270 1799 3337 verbo
1853 3270 2215 3354 proximum
2260 3270 2614 3337 subiectum
2658 3267 2791 3354 pri-

444 3377 714 3442 marium
779 3379 909 3457 est,
971 3382 1044 3441 ut
1104 3375 1273 3461 apud
1334 3376 1751 3457 Strabonem,
1817 3400 1962 3465 pag.
2021 3376 2155 3443 350
2210 3376 2292 3443 A.
2349 3375 2631 3464 ‘'Epvzaoz
2683 3381 2790 3444 καὶ

444 3483 612 3549 ἄλλα
669 3481 1041 3573 συστήματα,
1084 3480 1330 3573 ὑπῆρξε,
1389 3483 1484 3550 ita
1542 3488 1618 3549 ut
1662 3486 1732 3550 in
1786 3484 1908 3550 hoc
1961 3507 2154 3550 causa
2212 3484 2389 3550 verbi
2441 3483 2790 3570 singularis

445 3589 725 3655 inveniri
757 3593 989 3677 possit:
1038 3585 1258 3657 tamen
1303 3583 1491 3675 saepe
1538 3593 1721 3657 nulla
1752 3592 1886 3657 alia
1929 3614 2124 3657 causa
2154 3593 2355 3657 statui
2402 3594 2639 3676 potest,
2668 3591 2790 3657 nisi

442 3697 539 3763 vis
585 3698 862 3763 nominis
908 3697 1082 3763 illius
1127 3697 1423 3782 proximi.
1516 3696 1622 3763 Sic
1667 3720 1768 3765 res
1812 3721 1880 3764 se
1925 3698 2122 3765 habeis

445 3804 635 3871 Hom.
685 3804 756 3883 Γ,
803 3805 936 3870 327
985 3853 1401 3871 .......
1450 3803 1561 3893 ἧχι
1607 3804 1846 3891 ἑκάστῳ

786 3910 958 3979 ἵπποι
1005 3911 1359 3998 ἀερσίποδες
1405 3916 1511 3978 καὶ
1558 3914 1809 3979 ποικίλα
1852 3912 2051 4000 τεὸχε’
2095 3913 2308 3980 ἔκειτο.

444 4019 517 4097 Β,
567 4019 718 4086 339.
788 4029 875 4106 πῇ
922 4020 997 4108 δὴ
1018 4034 1027 4042 ‘
1046 4021 1362 4085 σονθεσιαί
1406 4042 1470 4084 τε
1514 4024 1624 4085 καὶ
1670 4019 1852 4105 ὅρκια
1897 4023 2146 4108 βήσεται
2193 4019 2364 4109 ἧμινς

445 4126 531 4204 Φ,
580 4126 729 4191 611.
800 4126 1000 4193 ὅντινα
1044 4139 1229 4210 τῶνγε
1276 4126 1455 4202 πόδες
1499 4131 1607 4193 καὶ
1653 4136 1839 4210 γοῦνα
1883 4133 2141 4193 σαώσαι.

446 4233 497 4310 ξ,
547 4232 698 4298 291.
791 4231 898 4300 ὅθι
944 4243 1118 4317 τοῦγε
1164 4234 1340 4321 δόμοι
1384 4238 1492 4300 καὶ
1532 4233 1797 4323 κτήματ’
1844 4234 2058 4301 ἔκειτο.

443 4363 494 4418 τ,
545 4338 696 4404 337.
789 4339 924 4428 ἠτοι
969 4339 1106 4428 ἐμοὶ
1150 4343 1402 4428 χλαῖναι
1443 4345 1552 4408 καὶ
1598 4339 1791 4430 ῥήγεα
1835 4345 2192 4425 σιγαλόεντα

790 4446 1048 4536 ἤχθετο.
