<?xml version="1.0" encoding="UTF-8"?>
<!DOCTYPE html PUBLIC "-//W3C//DTD XHTML 1.0 Transitional//EN"
    "http://www.w3.org/TR/xhtml1/DTD/xhtml1-transitional.dtd">
<html xmlns="http://www.w3.org/1999/xhtml" xml:lang="en" lang="en">
 <head>
  <title>
</title>
<meta http-equiv="Content-Type" content="text/html;charset=utf-8" />
  <meta name='ocr-system' content='tesseract 3.04.00' />
  <meta name='ocr-capabilities' content='ocr_page ocr_carea ocr_par ocr_line ocrx_word'/>
</head>
<body>
  <div class='ocr_page' id='page_1' title='image "./deschematepinda00wilpgoog_0027.png"; bbox 0 0 3226 5028; ppageno 0'>
   <div class='ocr_carea' id='block_1_1' title="bbox 1498 264 1579 330">
    <p class='ocr_par' dir='ltr' id='par_1_1' title="bbox 1498 264 1579 330">
     <span class='ocr_line' id='line_1_1' title="bbox 1498 264 1579 330; baseline -0.012 0"><span class='ocrx_word' id='word_1_1' title='bbox 1498 264 1579 330; x_wconf 85' lang='lat'><strong>19</strong></span> 
     </span>
    </p>
   </div>
   <div class='ocr_carea' id='block_1_2' title="bbox 1314 355 1743 365">
    <p class='ocr_par' dir='ltr' id='par_1_2' title="bbox 1314 355 1743 365">
     <span class='ocr_line' id='line_1_2' title="bbox 1314 355 1743 365; baseline 0 0"><span class='ocrx_word' id='word_1_2' title='bbox 1314 355 1743 365; x_wconf 95' lang='lat' dir='ltr'><strong> </strong></span> 
     </span>
    </p>
   </div>
   <div class='ocr_carea' id='block_1_3' title="bbox 290 455 2705 763">
    <p class='ocr_par' dir='ltr' id='par_1_3' title="bbox 290 455 2705 763">
     <span class='ocr_line' id='line_1_3' title="bbox 353 455 2705 550; baseline -0.003 -20"><span class='ocrx_word' id='word_1_3' title='bbox 353 463 482 530; x_wconf 91' lang='lat' dir='ltr'><strong>Hic</strong></span> <span class='ocrx_word' id='word_1_4' title='bbox 523 465 796 550; x_wconf 87' lang='lat' dir='ltr'><strong>pluralis</strong></span> <span class='ocrx_word' id='word_1_5' title='bbox 840 463 1107 529; x_wconf 76' lang='lat' dir='ltr'><strong>subiecti</strong></span> <span class='ocrx_word' id='word_1_6' title='bbox 1156 484 1459 529; x_wconf 87' lang='lat' dir='ltr'><strong>numerus</strong></span> <span class='ocrx_word' id='word_1_7' title='bbox 1500 464 1714 530; x_wconf 85' lang='lat' dir='ltr'><strong>locum</strong></span> <span class='ocrx_word' id='word_1_8' title='bbox 1757 481 1941 526; x_wconf 88' lang='lat' dir='ltr'><strong>suum</strong></span> <span class='ocrx_word' id='word_1_9' title='bbox 1971 461 2175 538; x_wconf 86' lang='lat' dir='ltr'><strong>tenet,</strong></span> <span class='ocrx_word' id='word_1_10' title='bbox 2221 456 2393 545; x_wconf 85' lang='lat' dir='ltr'><strong>quod</strong></span> <span class='ocrx_word' id='word_1_11' title='bbox 2421 455 2503 523; x_wconf 88' lang='lat' dir='ltr'><strong>ad</strong></span> <span class='ocrx_word' id='word_1_12' title='bbox 2530 477 2705 524; x_wconf 89' lang='lat' dir='ltr'><strong>com-</strong></span> 
     </span>
     <span class='ocr_line' id='line_1_4' title="bbox 290 564 2704 663; baseline -0.004 -26"><span class='ocrx_word' id='word_1_13' title='bbox 290 592 295 601; x_wconf 87' lang='lat'><em>·</em></span> <span class='ocrx_word' id='word_1_14' title='bbox 353 573 570 656; x_wconf 88' lang='lat' dir='ltr'><strong>plures</strong></span> <span class='ocrx_word' id='word_1_15' title='bbox 625 571 913 657; x_wconf 86' lang='lat' dir='ltr'><strong>pertinet</strong></span> <span class='ocrx_word' id='word_1_16' title='bbox 969 569 1261 636; x_wconf 87' lang='lat' dir='ltr'><strong>homines</strong></span> <span class='ocrx_word' id='word_1_17' title='bbox 1306 571 1409 635; x_wconf 84' lang='lat' dir='ltr'><strong>vel</strong></span> <span class='ocrx_word' id='word_1_18' title='bbox 1453 569 1663 636; x_wconf 90' lang='lat' dir='ltr'><strong>urbes.</strong></span> <span class='ocrx_word' id='word_1_19' title='bbox 1710 604 1800 618; x_wconf 92' lang='lat'><em>-</em></span> <span class='ocrx_word' id='word_1_20' title='bbox 1843 566 2189 663; x_wconf 78' lang='lat' dir='ltr'><strong>Latissime</strong></span> <span class='ocrx_word' id='word_1_21' title='bbox 2217 567 2462 632; x_wconf 85' lang='lat' dir='ltr'><strong>-autem</strong></span> <span class='ocrx_word' id='word_1_22' title='bbox 2516 564 2704 649; x_wconf 88' lang='lat' dir='ltr'><strong>patet</strong></span> 
     </span>
     <span class='ocr_line' id='line_1_5' title="bbox 354 672 2259 763; baseline -0.004 -17"><span class='ocrx_word' id='word_1_23' title='bbox 354 701 506 746; x_wconf 89' lang='lat' dir='ltr'><strong>usus</strong></span> <span class='ocrx_word' id='word_1_24' title='bbox 551 679 892 747; x_wconf 74' lang='lat' dir='ltr'><strong>schematis</strong></span> <span class='ocrx_word' id='word_1_25' title='bbox 941 676 1261 744; x_wconf 75' lang='lat' dir='ltr'><strong>Pindarici</strong></span> <span class='ocrx_word' id='word_1_26' title='bbox 1305 678 1473 763; x_wconf 91' lang='lat' dir='ltr'><strong>apud</strong></span> <span class='ocrx_word' id='word_1_27' title='bbox 1519 675 1751 743; x_wconf 85' lang='lat' dir='ltr'><strong>Aesch.</strong></span> <span class='ocrx_word' id='word_1_28' title='bbox 1800 676 1868 741; x_wconf 91' lang='lat' dir='ltr'><strong>in</strong></span> <span class='ocrx_word' id='word_1_29' title='bbox 1915 674 2091 741; x_wconf 91' lang='lat' dir='ltr'><strong>Pers.</strong></span> <span class='ocrx_word' id='word_1_30' title='bbox 2139 672 2259 739; x_wconf 79' lang='lat'><strong>49:</strong></span> 
     </span>
    </p>
   </div>
   <div class='ocr_carea' id='block_1_4' title="bbox 871 825 2133 1233">
    <p class='ocr_par' dir='ltr' id='par_1_4' title="bbox 871 825 2133 1233">
     <span class='ocr_line' id='line_1_6' title="bbox 874 825 2130 916; baseline -0.004 -20"><span class='ocrx_word' id='word_1_31' title='bbox 874 838 1182 896; x_wconf 80' lang='grc' dir='ltr'>στεῦται</span> <span class='ocrx_word' id='word_1_32' title='bbox 1226 826 1443 916; x_wconf 83' lang='grc' dir='ltr'>δ’ἱεροῦ</span> <span class='ocrx_word' id='word_1_33' title='bbox 1489 825 1757 915; x_wconf 79' lang='grc' dir='ltr'>Τμώλου</span> <span class='ocrx_word' id='word_1_34' title='bbox 1802 829 2130 893; x_wconf 83' lang='grc' dir='ltr'>πελάται</span> 
     </span>
     <span class='ocr_line' id='line_1_7' title="bbox 876 933 2060 1027; baseline -0.003 -24"><span class='ocrx_word' id='word_1_35' title='bbox 876 942 1051 1021; x_wconf 79' lang='grc' dir='ltr'>ζυγὸν</span> <span class='ocrx_word' id='word_1_36' title='bbox 1101 937 1468 1027; x_wconf 80' lang='grc' dir='ltr'>ἀμφιβαλεῖν</span> <span class='ocrx_word' id='word_1_37' title='bbox 1514 937 1757 1002; x_wconf 77' lang='grc' dir='ltr'>δοὺλιον</span> <span class='ocrx_word' id='word_1_38' title='bbox 1803 933 2060 1000; x_wconf 84' lang='grc' dir='ltr'>Ἑλλάδι</span> 
     </span>
     <span class='ocr_line' id='line_1_8' title="bbox 873 1042 2133 1132; baseline -0.002 -22"><span class='ocrx_word' id='word_1_39' title='bbox 873 1043 1166 1132; x_wconf 86' lang='grc' dir='ltr'><strong>Μάρδων,</strong></span> <span class='ocrx_word' id='word_1_40' title='bbox 1216 1044 1513 1129; x_wconf 83' lang='grc' dir='ltr'><strong>Θάροβες,</strong></span> <span class='ocrx_word' id='word_1_41' title='bbox 1559 1046 1799 1131; x_wconf 79' lang='grc' dir='ltr'>λόγχης</span> <span class='ocrx_word' id='word_1_42' title='bbox 1846 1042 2133 1130; x_wconf 77' lang='grc' dir='ltr'><strong>ἄκμονες,</strong></span> 
     </span>
     <span class='ocr_line' id='line_1_9' title="bbox 871 1148 1641 1233; baseline -0.003 -14"><span class='ocrx_word' id='word_1_43' title='bbox 871 1156 980 1219; x_wconf 86' lang='grc' dir='ltr'><strong>καὶ</strong></span> <span class='ocrx_word' id='word_1_44' title='bbox 1025 1151 1375 1220; x_wconf 82' lang='grc' dir='ltr'>ἀκοντισταὶ</span> <span class='ocrx_word' id='word_1_45' title='bbox 1419 1148 1641 1233; x_wconf 83' lang='grc' dir='ltr'>Μυσοί,</span> 
     </span>
    </p>
   </div>
   <div class='ocr_carea' id='block_1_5' title="bbox 358 1297 2723 3570">
    <p class='ocr_par' dir='ltr' id='par_1_5' title="bbox 358 1297 2723 3570">
     <span class='ocr_line' id='line_1_10' title="bbox 359 1297 2708 1388; baseline -0.001 -22"><span class='ocrx_word' id='word_1_46' title='bbox 359 1302 472 1367; x_wconf 92' lang='lat' dir='ltr'><strong>ubi</strong></span> <span class='ocrx_word' id='word_1_47' title='bbox 530 1304 608 1370; x_wconf 92' lang='lat' dir='ltr'><strong>de</strong></span> <span class='ocrx_word' id='word_1_48' title='bbox 665 1304 858 1369; x_wconf 88' lang='lat' dir='ltr'><strong>certis</strong></span> <span class='ocrx_word' id='word_1_49' title='bbox 917 1303 1292 1383; x_wconf 84' lang='lat' dir='ltr'><strong>clientibus,</strong></span> <span class='ocrx_word' id='word_1_50' title='bbox 1360 1303 1471 1388; x_wconf 91' lang='lat' dir='ltr'><strong>qui</strong></span> <span class='ocrx_word' id='word_1_51' title='bbox 1528 1305 2142 1382; x_wconf 75' lang='lat' dir='ltr'>commemorantur,</span> <span class='ocrx_word' id='word_1_52' title='bbox 2204 1302 2445 1387; x_wconf 83' lang='lat' dir='ltr'><strong>agitur.</strong></span> <span class='ocrx_word' id='word_1_53' title='bbox 2537 1297 2708 1365; x_wconf 82' lang='lat' dir='ltr'><strong>Huic</strong></span> 
     </span>
     <span class='ocr_line' id='line_1_11' title="bbox 360 1405 2709 1495; baseline -0.001 -21"><span class='ocrx_word' id='word_1_54' title='bbox 360 1410 499 1476; x_wconf 90' lang='lat' dir='ltr'><strong>loco</strong></span> <span class='ocrx_word' id='word_1_55' title='bbox 564 1409 926 1475; x_wconf 90' lang='lat' dir='ltr'><strong>addendum</strong></span> <span class='ocrx_word' id='word_1_56' title='bbox 991 1414 1092 1476; x_wconf 90' lang='lat' dir='ltr'><strong>est</strong></span> <span class='ocrx_word' id='word_1_57' title='bbox 1153 1409 1557 1475; x_wconf 84' lang='lat' dir='ltr'><strong>Archimedis</strong></span> <span class='ocrx_word' id='word_1_58' title='bbox 1621 1430 1775 1495; x_wconf 87' lang='lat' dir='ltr'><strong>pag.</strong></span> <span class='ocrx_word' id='word_1_59' title='bbox 1824 1408 1956 1473; x_wconf 89' lang='grc'><strong>244</strong></span> <span class='ocrx_word' id='word_1_60' title='bbox 2011 1408 2336 1492; x_wconf 87' lang='lat' dir='ltr'><strong>(Torelli):</strong></span> <span class='ocrx_word' id='word_1_61' title='bbox 2393 1411 2504 1474; x_wconf 85' lang='grc' dir='ltr'><strong>καὶ</strong></span> <span class='ocrx_word' id='word_1_62' title='bbox 2553 1405 2709 1473; x_wconf 85' lang='grc' dir='ltr'>ἀνα-</span> 
     </span>
     <span class='ocr_line' id='line_1_12' title="bbox 358 1515 2711 1604; baseline -0.001 -22"><span class='ocrx_word' id='word_1_63' title='bbox 358 1523 691 1602; x_wconf 76' lang='grc' dir='ltr'>γέγραπται</span> <span class='ocrx_word' id='word_1_64' title='bbox 765 1516 887 1583; x_wconf 81' lang='grc' dir='ltr'><strong>ἀπὸ</strong></span> <span class='ocrx_word' id='word_1_65' title='bbox 960 1528 1172 1582; x_wconf 81' lang='grc' dir='ltr'>πασῶν</span> <span class='ocrx_word' id='word_1_66' title='bbox 1246 1515 1444 1604; x_wconf 78' lang='grc' dir='ltr'>ὅμοιοι</span> <span class='ocrx_word' id='word_1_67' title='bbox 1520 1522 1762 1603; x_wconf 83' lang='grc' dir='ltr'>τομὲες,</span> <span class='ocrx_word' id='word_1_68' title='bbox 1840 1518 1906 1583; x_wconf 88' lang='lat' dir='ltr'><strong>id</strong></span> <span class='ocrx_word' id='word_1_69' title='bbox 1982 1519 2111 1583; x_wconf 84' lang='lat' dir='ltr'><strong>est:</strong></span> <span class='ocrx_word' id='word_1_70' title='bbox 2191 1515 2495 1599; x_wconf 74' lang='lat' dir='ltr'><strong>descripti</strong></span> <span class='ocrx_word' id='word_1_71' title='bbox 2556 1519 2711 1580; x_wconf 89' lang='lat' dir='ltr'><strong>sunt</strong></span> 
     </span>
     <span class='ocr_line' id='line_1_13' title="bbox 359 1622 2710 1711; baseline -0 -21"><span class='ocrx_word' id='word_1_72' title='bbox 359 1625 658 1690; x_wconf 90' lang='lat' dir='ltr'><strong>omnibus</strong></span> <span class='ocrx_word' id='word_1_73' title='bbox 723 1626 884 1711; x_wconf 90' lang='lat' dir='ltr'><strong>(scil.</strong></span> <span class='ocrx_word' id='word_1_74' title='bbox 951 1623 1165 1709; x_wconf 89' lang='lat' dir='ltr'><strong>lineis)</strong></span> <span class='ocrx_word' id='word_1_75' title='bbox 1231 1623 1470 1690; x_wconf 82' lang='lat' dir='ltr'><strong>similes</strong></span> <span class='ocrx_word' id='word_1_76' title='bbox 1534 1627 1811 1690; x_wconf 80' lang='lat' dir='ltr'><strong>sectores</strong></span> <span class='ocrx_word' id='word_1_77' title='bbox 1876 1624 1943 1709; x_wconf 89' lang='grc' dir='ltr'><strong>(ἰ.</strong></span> <span class='ocrx_word' id='word_1_78' title='bbox 1989 1647 2044 1690; x_wconf 92' lang='lat' dir='ltr'><strong>e.</strong></span> <span class='ocrx_word' id='word_1_79' title='bbox 2110 1628 2333 1709; x_wconf 85' lang='lat' dir='ltr'><strong>partes</strong></span> <span class='ocrx_word' id='word_1_80' title='bbox 2396 1622 2710 1708; x_wconf 89' lang='lat' dir='ltr'><strong>quaedam</strong></span> 
     </span>
     <span class='ocr_line' id='line_1_14' title="bbox 361 1730 2711 1819; baseline 0.001 -23"><span class='ocrx_word' id='word_1_81' title='bbox 361 1731 629 1816; x_wconf 90' lang='lat' dir='ltr'><strong>circuli).</strong></span> <span class='ocrx_word' id='word_1_82' title='bbox 732 1730 1084 1798; x_wconf 77' lang='lat' dir='ltr'><strong>Notionem</strong></span> <span class='ocrx_word' id='word_1_83' title='bbox 1140 1731 1537 1817; x_wconf 82' lang='lat' dir='ltr'><strong>singularem</strong></span> <span class='ocrx_word' id='word_1_84' title='bbox 1593 1733 1663 1796; x_wconf 92' lang='lat' dir='ltr'><strong>in</strong></span> <span class='ocrx_word' id='word_1_85' title='bbox 1718 1737 1933 1819; x_wconf 79' lang='grc' dir='ltr'>τομεες</span> <span class='ocrx_word' id='word_1_86' title='bbox 1988 1732 2195 1798; x_wconf 91' lang='lat' dir='ltr'><strong>inesse</strong></span> <span class='ocrx_word' id='word_1_87' title='bbox 2240 1753 2374 1796; x_wconf 91' lang='lat' dir='ltr'><strong>non</strong></span> <span class='ocrx_word' id='word_1_88' title='bbox 2419 1732 2711 1819; x_wconf 82' lang='lat' dir='ltr'><strong>cogitan-</strong></span> 
     </span>
     <span class='ocr_line' id='line_1_15' title="bbox 365 1836 2711 1923; baseline 0 -22"><span class='ocrx_word' id='word_1_89' title='bbox 365 1836 519 1902; x_wconf 90' lang='lat' dir='ltr'><strong>dum</strong></span> <span class='ocrx_word' id='word_1_90' title='bbox 579 1841 700 1918; x_wconf 83' lang='lat' dir='ltr'><strong>est,</strong></span> <span class='ocrx_word' id='word_1_91' title='bbox 768 1838 938 1923; x_wconf 88' lang='lat' dir='ltr'><strong>quod</strong></span> <span class='ocrx_word' id='word_1_92' title='bbox 992 1860 1060 1905; x_wconf 91' lang='lat' dir='ltr'><strong>re</strong></span> <span class='ocrx_word' id='word_1_93' title='bbox 1121 1860 1275 1904; x_wconf 84' lang='lat' dir='ltr'><strong>vera</strong></span> <span class='ocrx_word' id='word_1_94' title='bbox 1331 1838 1688 1921; x_wconf 85' lang='lat' dir='ltr'><strong>complures</strong></span> <span class='ocrx_word' id='word_1_95' title='bbox 1734 1842 2014 1906; x_wconf 76' lang='lat' dir='ltr'><strong>sectores</strong></span> <span class='ocrx_word' id='word_1_96' title='bbox 2060 1838 2233 1905; x_wconf 91' lang='lat' dir='ltr'><strong>inter</strong></span> <span class='ocrx_word' id='word_1_97' title='bbox 2277 1861 2343 1905; x_wconf 90' lang='lat' dir='ltr'><strong>se</strong></span> <span class='ocrx_word' id='word_1_98' title='bbox 2390 1837 2711 1905; x_wconf 89' lang='lat' dir='ltr'><strong>seiunctos</strong></span> 
     </span>
     <span class='ocr_line' id='line_1_16' title="bbox 365 1943 2711 2032; baseline 0.001 -24"><span class='ocrx_word' id='word_1_99' title='bbox 365 1943 577 2010; x_wconf 89' lang='lat' dir='ltr'><strong>lineae</strong></span> <span class='ocrx_word' id='word_1_100' title='bbox 638 1943 1023 2012; x_wconf 88' lang='lat' dir='ltr'><strong>describunt.</strong></span> <span class='ocrx_word' id='word_1_101' title='bbox 1116 1943 1285 2010; x_wconf 87' lang='lat' dir='ltr'><strong>Sunt</strong></span> <span class='ocrx_word' id='word_1_102' title='bbox 1300 1993 1318 2025; x_wconf 82' lang='lat'>‚</span> <span class='ocrx_word' id='word_1_103' title='bbox 1382 1945 1491 2030; x_wconf 90' lang='lat' dir='ltr'><strong>qui</strong></span> <span class='ocrx_word' id='word_1_104' title='bbox 1550 1944 2007 2031; x_wconf 78' lang='grc' dir='ltr'>ἀναγέγραπται</span> <span class='ocrx_word' id='word_1_105' title='bbox 2064 1947 2383 2032; x_wconf 83' lang='lat' dir='ltr'><strong>pluralem</strong></span> <span class='ocrx_word' id='word_1_106' title='bbox 2435 1946 2711 2011; x_wconf 88' lang='lat' dir='ltr'><strong>formam</strong></span> 
     </span>
     <span class='ocr_line' id='line_1_17' title="bbox 367 2050 2708 2140; baseline 0 -23"><span class='ocrx_word' id='word_1_107' title='bbox 367 2073 504 2117; x_wconf 89' lang='lat' dir='ltr'><strong>esse</strong></span> <span class='ocrx_word' id='word_1_108' title='bbox 566 2050 786 2118; x_wconf 88' lang='lat' dir='ltr'><strong>dicant</strong></span> <span class='ocrx_word' id='word_1_109' title='bbox 848 2050 1129 2139; x_wconf 85' lang='lat' dir='ltr'><strong>itemque</strong></span> <span class='ocrx_word' id='word_1_110' title='bbox 1193 2056 1592 2139; x_wconf 79' lang='grc' dir='ltr'>κεχείμανται</span> <span class='ocrx_word' id='word_1_111' title='bbox 1652 2051 1766 2135; x_wconf 83' lang='lat' dir='ltr'><strong>Py.</strong></span> <span class='ocrx_word' id='word_1_112' title='bbox 1824 2051 1948 2132; x_wconf 86' lang='lat' dir='ltr'><strong>XI,</strong></span> <span class='ocrx_word' id='word_1_113' title='bbox 1995 2052 2116 2133; x_wconf 82' lang='lat'><strong>32,</strong></span> <span class='ocrx_word' id='word_1_114' title='bbox 2175 2058 2510 2140; x_wconf 71' lang='grc' dir='ltr'>κέκρανται</span> <span class='ocrx_word' id='word_1_115' title='bbox 2555 2052 2708 2118; x_wconf 88' lang='lat' dir='ltr'><strong>Eur.</strong></span> 
     </span>
     <span class='ocr_line' id='line_1_18' title="bbox 368 2156 2711 2245; baseline 0.001 -23"><span class='ocrx_word' id='word_1_116' title='bbox 368 2156 566 2244; x_wconf 89' lang='lat' dir='ltr'><strong>Hipp.</strong></span> <span class='ocrx_word' id='word_1_117' title='bbox 617 2156 809 2240; x_wconf 79' lang='lat'>1255,</span> <span class='ocrx_word' id='word_1_118' title='bbox 857 2160 1137 2226; x_wconf 74' lang='grc' dir='ltr'>δέδοκται</span> <span class='ocrx_word' id='word_1_119' title='bbox 1183 2158 1339 2225; x_wconf 86' lang='lat' dir='ltr'><strong>Eur.</strong></span> <span class='ocrx_word' id='word_1_120' title='bbox 1387 2157 1617 2224; x_wconf 89' lang='lat' dir='ltr'><strong>Bacch.</strong></span> <span class='ocrx_word' id='word_1_121' title='bbox 1671 2156 1877 2237; x_wconf 83' lang='lat'>1350;</span> <span class='ocrx_word' id='word_1_122' title='bbox 1924 2159 2005 2225; x_wconf 86' lang='lat' dir='ltr'><strong>cf.</strong></span> <span class='ocrx_word' id='word_1_123' title='bbox 2054 2159 2422 2244; x_wconf 89' lang='lat' dir='ltr'><strong>Westphal,</strong></span> <span class='ocrx_word' id='word_1_124' title='bbox 2469 2158 2711 2245; x_wconf 85' lang='lat' dir='ltr'><strong>griech.</strong></span> 
     </span>
     <span class='ocr_line' id='line_1_19' title="bbox 368 2263 2713 2353; baseline 0.001 -25"><span class='ocrx_word' id='word_1_125' title='bbox 368 2263 826 2332; x_wconf 85' lang='lat' dir='ltr'><strong>Formenlehre</strong></span> <span class='ocrx_word' id='word_1_126' title='bbox 863 2265 949 2347; x_wconf 92' lang='grc' dir='ltr'><strong>Π,</strong></span> <span class='ocrx_word' id='word_1_127' title='bbox 997 2287 1149 2352; x_wconf 87' lang='lat' dir='ltr'><strong>pag.</strong></span> <span class='ocrx_word' id='word_1_128' title='bbox 1199 2266 1360 2347; x_wconf 87' lang='grc'>279,</span> <span class='ocrx_word' id='word_1_129' title='bbox 1420 2264 1750 2346; x_wconf 82' lang='lat' dir='ltr'><strong>Kuehner‚</strong></span> <span class='ocrx_word' id='word_1_130' title='bbox 1809 2266 2122 2332; x_wconf 84' lang='lat' dir='ltr'><strong>ausfiihrl.</strong></span> <span class='ocrx_word' id='word_1_131' title='bbox 2170 2288 2270 2353; x_wconf 86' lang='lat' dir='ltr'><strong>gr.</strong></span> <span class='ocrx_word' id='word_1_132' title='bbox 2319 2265 2432 2333; x_wconf 85' lang='lat' dir='ltr'><strong>Gr.</strong></span> <span class='ocrx_word' id='word_1_133' title='bbox 2478 2266 2516 2350; x_wconf 62' lang='lat' dir='ltr'><strong>g</strong></span> <span class='ocrx_word' id='word_1_134' title='bbox 2559 2263 2713 2345; x_wconf 85' lang='lat'><strong>313,</strong></span> 
     </span>
     <span class='ocr_line' id='line_1_20' title="bbox 371 2369 2718 2457; baseline 0.001 -21"><span class='ocrx_word' id='word_1_135' title='bbox 371 2369 453 2436; x_wconf 88' lang='lat' dir='ltr'><strong>A.</strong></span> <span class='ocrx_word' id='word_1_136' title='bbox 487 2371 546 2438; x_wconf 92' lang='grc'><strong>1.</strong></span> <span class='ocrx_word' id='word_1_137' title='bbox 616 2371 995 2457; x_wconf 87' lang='lat' dir='ltr'><strong>Singulares</strong></span> <span class='ocrx_word' id='word_1_138' title='bbox 1041 2376 1259 2437; x_wconf 89' lang='lat' dir='ltr'><strong>autem</strong></span> <span class='ocrx_word' id='word_1_139' title='bbox 1306 2371 1422 2438; x_wconf 90' lang='lat' dir='ltr'><strong>has</strong></span> <span class='ocrx_word' id='word_1_140' title='bbox 1467 2373 1711 2439; x_wconf 86' lang='lat' dir='ltr'><strong>formas</strong></span> <span class='ocrx_word' id='word_1_141' title='bbox 1757 2396 1894 2439; x_wconf 90' lang='lat' dir='ltr'><strong>esse</strong></span> <span class='ocrx_word' id='word_1_142' title='bbox 1930 2374 2117 2440; x_wconf 86' lang='lat' dir='ltr'><strong>docet</strong></span> <span class='ocrx_word' id='word_1_143' title='bbox 2145 2372 2221 2440; x_wconf 82' lang='lat' dir='ltr'><strong>G.</strong></span> <span class='ocrx_word' id='word_1_144' title='bbox 2253 2372 2536 2455; x_wconf 81' lang='lat' dir='ltr'><strong>Curtius,</strong></span> <span class='ocrx_word' id='word_1_145' title='bbox 2558 2371 2718 2439; x_wconf 87' lang='lat' dir='ltr'><strong>Ver-</strong></span> 
     </span>
     <span class='ocr_line' id='line_1_21' title="bbox 369 2477 2714 2568; baseline 0.001 -23"><span class='ocrx_word' id='word_1_146' title='bbox 369 2479 519 2545; x_wconf 89' lang='lat' dir='ltr'><strong>bum</strong></span> <span class='ocrx_word' id='word_1_147' title='bbox 564 2478 649 2561; x_wconf 85' lang='lat'><strong>11,</strong></span> <span class='ocrx_word' id='word_1_148' title='bbox 697 2501 760 2565; x_wconf 89' lang='lat' dir='ltr'><strong>p.</strong></span> <span class='ocrx_word' id='word_1_149' title='bbox 808 2477 959 2545; x_wconf 86' lang='grc'>223.</span> <span class='ocrx_word' id='word_1_150' title='bbox 1010 2516 1093 2527; x_wconf 91' lang='grc'><strong>--</strong></span> <span class='ocrx_word' id='word_1_151' title='bbox 1139 2478 1287 2547; x_wconf 89' lang='lat' dir='ltr'><strong>Huc</strong></span> <span class='ocrx_word' id='word_1_152' title='bbox 1329 2478 1528 2547; x_wconf 90' lang='lat' dir='ltr'><strong>etiam</strong></span> <span class='ocrx_word' id='word_1_153' title='bbox 1574 2480 1846 2548; x_wconf 86' lang='lat' dir='ltr'><strong>fortasse</strong></span> <span class='ocrx_word' id='word_1_154' title='bbox 1890 2482 2172 2568; x_wconf 87' lang='lat' dir='ltr'><strong>pertinet</strong></span> <span class='ocrx_word' id='word_1_155' title='bbox 2217 2480 2420 2559; x_wconf 78' lang='lat' dir='ltr'><strong>Thuc.</strong></span> <span class='ocrx_word' id='word_1_156' title='bbox 2447 2479 2569 2562; x_wconf 85' lang='lat'>111,</span> <span class='ocrx_word' id='word_1_157' title='bbox 2609 2482 2714 2548; x_wconf 83' lang='lat'><strong>36.</strong></span> 
     </span>
     <span class='ocr_line' id='line_1_22' title="bbox 368 2583 2716 2680; baseline 0 -27"><span class='ocrx_word' id='word_1_158' title='bbox 368 2591 476 2654; x_wconf 83' lang='grc' dir='ltr'><strong>καὶ</strong></span> <span class='ocrx_word' id='word_1_159' title='bbox 530 2587 1045 2675; x_wconf 72' lang='grc' dir='ltr'>προςξονεβάλετο</span> <span class='ocrx_word' id='word_1_160' title='bbox 1104 2583 1217 2654; x_wconf 72' lang='grc' dir='ltr'><strong>οὐκ</strong></span> <span class='ocrx_word' id='word_1_161' title='bbox 1272 2586 1599 2675; x_wconf 80' lang='grc' dir='ltr'>ἐλάχιστον</span> <span class='ocrx_word' id='word_1_162' title='bbox 1657 2599 1767 2677; x_wconf 82' lang='grc' dir='ltr'><strong>τῆς</strong></span> <span class='ocrx_word' id='word_1_163' title='bbox 1826 2587 2023 2678; x_wconf 81' lang='grc' dir='ltr'>ὁρμῆς</span> <span class='ocrx_word' id='word_1_164' title='bbox 2082 2586 2147 2655; x_wconf 81' lang='grc' dir='ltr'><strong>αἱ</strong></span> <span class='ocrx_word' id='word_1_165' title='bbox 2204 2585 2716 2680; x_wconf 84' lang='grc' dir='ltr'>Πελοποννησίων</span> 
     </span>
     <span class='ocr_line' id='line_1_23' title="bbox 370 2693 2721 2783; baseline 0 -23"><span class='ocrx_word' id='word_1_166' title='bbox 370 2705 544 2783; x_wconf 81' lang='grc' dir='ltr'>νῆες,</span> <span class='ocrx_word' id='word_1_167' title='bbox 602 2693 715 2759; x_wconf 92' lang='lat' dir='ltr'><strong>ubi</strong></span> <span class='ocrx_word' id='word_1_168' title='bbox 775 2693 1008 2778; x_wconf 91' lang='lat' dir='ltr'><strong>optimi</strong></span> <span class='ocrx_word' id='word_1_169' title='bbox 1066 2696 1132 2760; x_wconf 84' lang='lat' dir='ltr'><strong>et</strong></span> <span class='ocrx_word' id='word_1_170' title='bbox 1188 2695 1476 2781; x_wconf 89' lang='lat' dir='ltr'><strong>plerique</strong></span> <span class='ocrx_word' id='word_1_171' title='bbox 1522 2694 1662 2760; x_wconf 93' lang='lat' dir='ltr'><strong>cdd.</strong></span> <span class='ocrx_word' id='word_1_172' title='bbox 1710 2696 2105 2781; x_wconf 82' lang='lat' dir='ltr'><strong>singularem</strong></span> <span class='ocrx_word' id='word_1_173' title='bbox 2151 2718 2489 2763; x_wconf 91' lang='lat' dir='ltr'><strong>numerum</strong></span> <span class='ocrx_word' id='word_1_174' title='bbox 2531 2717 2721 2780; x_wconf 90' lang='lat' dir='ltr'><strong>prae-</strong></span> 
     </span>
     <span class='ocr_line' id='line_1_24' title="bbox 370 2799 2722 2892; baseline 0.001 -26"><span class='ocrx_word' id='word_1_175' title='bbox 370 2799 559 2879; x_wconf 80' lang='lat' dir='ltr'><strong>bent3</strong></span> <span class='ocrx_word' id='word_1_176' title='bbox 617 2801 687 2866; x_wconf 88' lang='lat' dir='ltr'><strong>in</strong></span> <span class='ocrx_word' id='word_1_177' title='bbox 743 2801 1074 2867; x_wconf 87' lang='lat' dir='ltr'><strong>nonnullis</strong></span> <span class='ocrx_word' id='word_1_178' title='bbox 1131 2800 1386 2887; x_wconf 91' lang='lat' dir='ltr'><strong>quidem</strong></span> <span class='ocrx_word' id='word_1_179' title='bbox 1432 2800 1753 2869; x_wconf 84' lang='lat' dir='ltr'><strong>codicibus</strong></span> <span class='ocrx_word' id='word_1_180' title='bbox 1798 2802 2211 2869; x_wconf 86' lang='lat' dir='ltr'><strong>emendatum</strong></span> <span class='ocrx_word' id='word_1_181' title='bbox 2254 2807 2353 2870; x_wconf 90' lang='lat' dir='ltr'><strong>est</strong></span> <span class='ocrx_word' id='word_1_182' title='bbox 2396 2803 2722 2892; x_wconf 76' lang='grc' dir='ltr'>προςξονε-</span> 
     </span>
     <span class='ocr_line' id='line_1_25' title="bbox 376 2906 2723 2997; baseline 0.001 -24"><span class='ocrx_word' id='word_1_183' title='bbox 376 2909 658 2992; x_wconf 87' lang='grc' dir='ltr'>βάλοντο,</span> <span class='ocrx_word' id='word_1_184' title='bbox 706 2906 877 2992; x_wconf 90' lang='lat' dir='ltr'><strong>quod</strong></span> <span class='ocrx_word' id='word_1_185' title='bbox 921 2908 1090 2974; x_wconf 90' lang='lat' dir='ltr'><strong>clare</strong></span> <span class='ocrx_word' id='word_1_186' title='bbox 1146 2911 1407 2974; x_wconf 88' lang='lat' dir='ltr'><strong>tantum</strong></span> <span class='ocrx_word' id='word_1_187' title='bbox 1454 2908 1651 2975; x_wconf 85' lang='lat' dir='ltr'><strong>codex</strong></span> <span class='ocrx_word' id='word_1_188' title='bbox 1705 2911 1965 2976; x_wconf 82' lang='lat' dir='ltr'><strong>levioris</strong></span> <span class='ocrx_word' id='word_1_189' title='bbox 2020 2911 2332 2979; x_wconf 91' lang='lat' dir='ltr'><strong>momenti</strong></span> <span class='ocrx_word' id='word_1_190' title='bbox 2376 2909 2723 2997; x_wconf 85' lang='lat' dir='ltr'><strong>Mosquen-</strong></span> 
     </span>
     <span class='ocr_line' id='line_1_26' title="bbox 372 3011 2723 3103; baseline 0.001 -24"><span class='ocrx_word' id='word_1_191' title='bbox 372 3015 459 3079; x_wconf 89' lang='lat' dir='ltr'><strong>sis</strong></span> <span class='ocrx_word' id='word_1_192' title='bbox 505 3011 787 3080; x_wconf 86' lang='lat' dir='ltr'><strong>exhibet.</strong></span> <span class='ocrx_word' id='word_1_193' title='bbox 848 3049 936 3061; x_wconf 93' lang='lat'><em>-</em></span> <span class='ocrx_word' id='word_1_194' title='bbox 982 3013 1539 3082; x_wconf 79' lang='lat' dir='ltr'><strong>commemorandi</strong></span> <span class='ocrx_word' id='word_1_195' title='bbox 1596 3015 1873 3103; x_wconf 88' lang='lat' dir='ltr'><strong>denique</strong></span> <span class='ocrx_word' id='word_1_196' title='bbox 1918 3021 1986 3083; x_wconf 89' lang='lat' dir='ltr'><strong>et</strong></span> <span class='ocrx_word' id='word_1_197' title='bbox 2031 3017 2156 3088; x_wconf 89' lang='lat' dir='ltr'><strong>huc</strong></span> <span class='ocrx_word' id='word_1_198' title='bbox 2200 3017 2523 3087; x_wconf 86' lang='lat' dir='ltr'><strong>referendi</strong></span> <span class='ocrx_word' id='word_1_199' title='bbox 2568 3020 2723 3085; x_wconf 90' lang='lat' dir='ltr'><strong>sunt</strong></span> 
     </span>
     <span class='ocr_line' id='line_1_27' title="bbox 374 3119 2722 3201; baseline 0.001 -15"><span class='ocrx_word' id='word_1_200' title='bbox 374 3119 501 3187; x_wconf 91' lang='lat' dir='ltr'><strong>duo</strong></span> <span class='ocrx_word' id='word_1_201' title='bbox 559 3120 706 3201; x_wconf 82' lang='lat' dir='ltr'><strong>loci,</strong></span> <span class='ocrx_word' id='word_1_202' title='bbox 765 3120 879 3186; x_wconf 88' lang='lat' dir='ltr'><strong>ubi</strong></span> <span class='ocrx_word' id='word_1_203' title='bbox 933 3120 1061 3187; x_wconf 78' lang='grc' dir='ltr'>ἔστι</span> <span class='ocrx_word' id='word_1_204' title='bbox 1119 3121 1419 3188; x_wconf 90' lang='lat' dir='ltr'><strong>similiter</strong></span> <span class='ocrx_word' id='word_1_205' title='bbox 1473 3123 1800 3190; x_wconf 85' lang='lat' dir='ltr'><strong>antecedit</strong></span> <span class='ocrx_word' id='word_1_206' title='bbox 1844 3124 2094 3190; x_wconf 85' lang='lat' dir='ltr'><strong>nomini</strong></span> <span class='ocrx_word' id='word_1_207' title='bbox 2139 3124 2315 3194; x_wconf 88' lang='lat' dir='ltr'><strong>duali</strong></span> <span class='ocrx_word' id='word_1_208' title='bbox 2359 3147 2435 3193; x_wconf 91' lang='lat' dir='ltr'><strong>ac</strong></span> <span class='ocrx_word' id='word_1_209' title='bbox 2478 3134 2722 3193; x_wconf 80' lang='grc' dir='ltr'>στεῦται</span> 
     </span>
     <span class='ocr_line' id='line_1_28' title="bbox 374 3219 1274 3316; baseline 0.003 -22"><span class='ocrx_word' id='word_1_210' title='bbox 374 3227 644 3314; x_wconf 81' lang='lat' dir='ltr'><strong>plurali:</strong></span> <span class='ocrx_word' id='word_1_211' title='bbox 692 3219 895 3294; x_wconf 67' lang='lat' dir='ltr'><strong>A&#39;rist.</strong></span> <span class='ocrx_word' id='word_1_212' title='bbox 945 3251 1117 3316; x_wconf 84' lang='lat' dir='ltr'><strong>vesp.</strong></span> <span class='ocrx_word' id='word_1_213' title='bbox 1168 3231 1274 3297; x_wconf 86' lang='lat'><strong>58.</strong></span> 
     </span>
     <span class='ocr_line' id='line_1_29' title="bbox 464 3353 2016 3448; baseline 0.001 -26"><span class='ocrx_word' id='word_1_214' title='bbox 464 3356 609 3448; x_wconf 80' lang='grc' dir='ltr'>ἡμῖν</span> <span class='ocrx_word' id='word_1_215' title='bbox 665 3360 783 3445; x_wconf 77' lang='grc' dir='ltr'><strong>γὰρ</strong></span> <span class='ocrx_word' id='word_1_216' title='bbox 842 3353 955 3425; x_wconf 73' lang='grc' dir='ltr'><strong>οὐκ</strong></span> <span class='ocrx_word' id='word_1_217' title='bbox 1000 3356 1146 3423; x_wconf 81' lang='grc' dir='ltr'>ἔστ’</span> <span class='ocrx_word' id='word_1_218' title='bbox 1192 3355 1331 3425; x_wconf 78' lang='grc' dir='ltr'>οὔτε</span> <span class='ocrx_word' id='word_1_219' title='bbox 1376 3357 1554 3446; x_wconf 79' lang='grc' dir='ltr'>κάρυ’</span> <span class='ocrx_word' id='word_1_220' title='bbox 1600 3357 1675 3425; x_wconf 80' lang='grc' dir='ltr'><strong>ἐκ</strong></span> <span class='ocrx_word' id='word_1_221' title='bbox 1720 3359 2016 3448; x_wconf 82' lang='grc' dir='ltr'>φόρμιδος</span> 
     </span>
     <span class='ocr_line' id='line_1_30' title="bbox 466 3479 1859 3570; baseline -0.001 -22"><span class='ocrx_word' id='word_1_222' title='bbox 466 3484 713 3549; x_wconf 79' lang='grc' dir='ltr'><strong>δοὺλω</strong></span> <span class='ocrx_word' id='word_1_223' title='bbox 759 3479 1283 3569; x_wconf 81' lang='grc' dir='ltr'>παραῤῥιπτοῦντε</span> <span class='ocrx_word' id='word_1_224' title='bbox 1329 3493 1453 3557; x_wconf 84' lang='grc' dir='ltr'>τοῖς</span> <span class='ocrx_word' id='word_1_225' title='bbox 1499 3487 1859 3570; x_wconf 76' lang='grc' dir='ltr'>θεωμένοις·</span> 
     </span>
    </p>
   </div>
   <div class='ocr_carea' id='block_1_6' title="bbox 378 3644 806 3655">
    <p class='ocr_par' dir='ltr' id='par_1_6' title="bbox 378 3644 806 3655">
     <span class='ocr_line' id='line_1_31' title="bbox 378 3644 806 3655; baseline 0 0"><span class='ocrx_word' id='word_1_226' title='bbox 378 3644 806 3655; x_wconf 95' lang='lat' dir='ltr'><strong> </strong></span> 
     </span>
    </p>
   </div>
   <div class='ocr_carea' id='block_1_7' title="bbox 377 3730 2733 4340">
    <p class='ocr_par' dir='ltr' id='par_1_7' title="bbox 377 3730 2733 4340">
     <span class='ocr_line' id='line_1_32' title="bbox 381 3730 2729 3804; baseline -0 -16"><span class='ocrx_word' id='word_1_227' title='bbox 381 3732 717 3804; x_wconf 84' lang='lat' dir='ltr'><strong>corripiendi</strong></span> <span class='ocrx_word' id='word_1_228' title='bbox 733 3773 748 3800; x_wconf 87' lang='lat'><em>‚</em></span> <span class='ocrx_word' id='word_1_229' title='bbox 793 3732 1166 3795; x_wconf 81' lang='lat' dir='ltr'><strong>accelerandi,</strong></span> <span class='ocrx_word' id='word_1_230' title='bbox 1215 3732 1345 3788; x_wconf 88' lang='lat' dir='ltr'><strong>huic</strong></span> <span class='ocrx_word' id='word_1_231' title='bbox 1389 3731 1712 3804; x_wconf 83' lang='lat' dir='ltr'><strong>perficiendi</strong></span> <span class='ocrx_word' id='word_1_232' title='bbox 1756 3731 1871 3787; x_wconf 85' lang='lat' dir='ltr'><strong>vim</strong></span> <span class='ocrx_word' id='word_1_233' title='bbox 1919 3730 2199 3799; x_wconf 87' lang='lat' dir='ltr'><strong>tribuens,</strong></span> <span class='ocrx_word' id='word_1_234' title='bbox 2242 3731 2296 3789; x_wconf 89' lang='lat' dir='ltr'><strong>ei</strong></span> <span class='ocrx_word' id='word_1_235' title='bbox 2330 3732 2566 3789; x_wconf 79' lang='lat' dir='ltr'><strong>fortasse</strong></span> <span class='ocrx_word' id='word_1_236' title='bbox 2600 3749 2729 3789; x_wconf 87' lang='lat' dir='ltr'><strong>con·</strong></span> 
     </span>
     <span class='ocr_line' id='line_1_33' title="bbox 377 3820 2732 3893; baseline 0 -15"><span class='ocrx_word' id='word_1_237' title='bbox 377 3821 585 3878; x_wconf 80' lang='lat' dir='ltr'><strong>sentire</strong></span> <span class='ocrx_word' id='word_1_238' title='bbox 638 3838 940 3893; x_wconf 88' lang='lat' dir='ltr'><strong>possumus.</strong></span> <span class='ocrx_word' id='word_1_239' title='bbox 1032 3823 1110 3877; x_wconf 86' lang='lat' dir='ltr'><strong>At</strong></span> <span class='ocrx_word' id='word_1_240' title='bbox 1161 3823 1348 3893; x_wconf 90' lang='lat' dir='ltr'><strong>aptior</strong></span> <span class='ocrx_word' id='word_1_241' title='bbox 1401 3821 1542 3877; x_wconf 88' lang='lat' dir='ltr'><strong>mihi</strong></span> <span class='ocrx_word' id='word_1_242' title='bbox 1593 3822 1820 3876; x_wconf 81' lang='lat' dir='ltr'><strong>videtur</strong></span> <span class='ocrx_word' id='word_1_243' title='bbox 1863 3821 2256 3892; x_wconf 87' lang='lat' dir='ltr'><strong>interpretatio</strong></span> <span class='ocrx_word' id='word_1_244' title='bbox 2301 3822 2566 3892; x_wconf 79' lang='lat' dir='ltr'><strong>vulgata:</strong></span> <span class='ocrx_word' id='word_1_245' title='bbox 2620 3820 2732 3879; x_wconf 68' lang='lat' dir='ltr'><strong>‘rit</strong></span> 
     </span>
     <span class='ocr_line' id='line_1_34' title="bbox 378 3908 2731 3983; baseline -0 -16"><span class='ocrx_word' id='word_1_246' title='bbox 378 3910 645 3981; x_wconf 84' lang='lat' dir='ltr'><strong>perfectio</strong></span> <span class='ocrx_word' id='word_1_247' title='bbox 700 3915 929 3983; x_wconf 86' lang='lat' dir='ltr'><strong>propter</strong></span> <span class='ocrx_word' id='word_1_248' title='bbox 982 3912 1250 3983; x_wconf 82' lang='lat' dir='ltr'><strong>pietatem</strong></span> <span class='ocrx_word' id='word_1_249' title='bbox 1298 3910 1553 3982; x_wconf 87' lang='lat' dir='ltr'><strong>precibus</strong></span> <span class='ocrx_word' id='word_1_250' title='bbox 1600 3908 1880 3966; x_wconf 83' lang='lat' dir='ltr'><strong>virorum&#39;.</strong></span> <span class='ocrx_word' id='word_1_251' title='bbox 1964 3910 2145 3967; x_wconf 87' lang='lat' dir='ltr'><strong>Multo</strong></span> <span class='ocrx_word' id='word_1_252' title='bbox 2190 3912 2380 3967; x_wconf 90' lang='lat' dir='ltr'><strong>autem</strong></span> <span class='ocrx_word' id='word_1_253' title='bbox 2426 3909 2731 3982; x_wconf 86' lang='lat' dir='ltr'><strong>simplicior</strong></span> 
     </span>
     <span class='ocr_line' id='line_1_35' title="bbox 379 3999 2730 4072; baseline -0 -17"><span class='ocrx_word' id='word_1_254' title='bbox 379 4000 604 4057; x_wconf 82' lang='lat' dir='ltr'><strong>videtur</strong></span> <span class='ocrx_word' id='word_1_255' title='bbox 656 4000 1076 4071; x_wconf 81' lang='lat' dir='ltr'><strong>interpretatiO,</strong></span> <span class='ocrx_word' id='word_1_256' title='bbox 1131 4002 1180 4057; x_wconf 90' lang='lat' dir='ltr'><strong>si</strong></span> <span class='ocrx_word' id='word_1_257' title='bbox 1235 4001 1529 4057; x_wconf 86' lang='lat' dir='ltr'><strong>lectionem</strong></span> <span class='ocrx_word' id='word_1_258' title='bbox 1584 4000 1929 4072; x_wconf 81' lang='lat' dir='ltr'><strong>Asclepiadis</strong></span> <span class='ocrx_word' id='word_1_259' title='bbox 1984 4002 2044 4055; x_wconf 85' lang='lat' dir='ltr'><strong>et</strong></span> <span class='ocrx_word' id='word_1_260' title='bbox 2097 4001 2318 4056; x_wconf 83' lang='lat' dir='ltr'><strong>schema</strong></span> <span class='ocrx_word' id='word_1_261' title='bbox 2370 3999 2730 4055; x_wconf 87' lang='lat' dir='ltr'><strong>Pindaricum</strong></span> 
     </span>
     <span class='ocr_line' id='line_1_36' title="bbox 379 4087 2732 4161; baseline 0 -16"><span class='ocrx_word' id='word_1_262' title='bbox 379 4088 707 4160; x_wconf 78' lang='lat' dir='ltr'><strong>accipimus:</strong></span> <span class='ocrx_word' id='word_1_263' title='bbox 744 4088 1130 4147; x_wconf 76' lang='lat' dir='ltr'><strong>ePei-ficiuntur</strong></span> <span class='ocrx_word' id='word_1_264' title='bbox 1164 4090 1394 4161; x_wconf 86' lang='lat' dir='ltr'><strong>pietatis</strong></span> <span class='ocrx_word' id='word_1_265' title='bbox 1429 4089 1617 4161; x_wconf 75' lang='lat' dir='ltr'><strong>gratia</strong></span> <span class='ocrx_word' id='word_1_266' title='bbox 1652 4089 1898 4145; x_wconf 85' lang='lat' dir='ltr'><strong>virorum</strong></span> <span class='ocrx_word' id='word_1_267' title='bbox 1934 4087 2154 4160; x_wconf 84' lang='lat' dir='ltr'><strong>preces’.</strong></span> <span class='ocrx_word' id='word_1_268' title='bbox 2236 4087 2472 4145; x_wconf 86' lang='lat' dir='ltr'><strong>Etiamsi</strong></span> <span class='ocrx_word' id='word_1_269' title='bbox 2504 4089 2732 4159; x_wconf 79' lang='lat' dir='ltr'><strong>ignora·</strong></span> 
     </span>
     <span class='ocr_line' id='line_1_37' title="bbox 384 4177 2733 4250; baseline 0 -17"><span class='ocrx_word' id='word_1_270' title='bbox 384 4196 509 4234; x_wconf 88' lang='lat' dir='ltr'><strong>mus</strong></span> <span class='ocrx_word' id='word_1_271' title='bbox 544 4179 796 4249; x_wconf 79' lang='lat' dir='ltr'><strong>generali</strong></span> <span class='ocrx_word' id='word_1_272' title='bbox 830 4179 1112 4236; x_wconf 87' lang='lat' dir='ltr'><strong>enuntiati</strong></span> <span class='ocrx_word' id='word_1_273' title='bbox 1146 4197 1310 4235; x_wconf 90' lang='lat' dir='ltr'><strong>sensu</strong></span> <span class='ocrx_word' id='word_1_274' title='bbox 1333 4179 1552 4236; x_wconf 88' lang='lat' dir='ltr'><strong>numeri</strong></span> <span class='ocrx_word' id='word_1_275' title='bbox 1575 4178 2006 4250; x_wconf 75' lang='lat' dir='ltr'><strong>ambiguitatem</strong></span> <span class='ocrx_word' id='word_1_276' title='bbox 2034 4177 2318 4248; x_wconf 87' lang='lat' dir='ltr'><strong>quandam</strong></span> <span class='ocrx_word' id='word_1_277' title='bbox 2340 4177 2501 4244; x_wconf 81' lang='lat' dir='ltr'><strong>effici,</strong></span> <span class='ocrx_word' id='word_1_278' title='bbox 2538 4179 2733 4234; x_wconf 67' lang='lat' dir='ltr'><strong>tamen</strong></span> 
     </span>
     <span class='ocr_line' id='line_1_38' title="bbox 389 4264 2733 4340; baseline 0 -16"><span class='ocrx_word' id='word_1_279' title='bbox 389 4268 614 4324; x_wconf 86' lang='lat' dir='ltr'><strong>schema</strong></span> <span class='ocrx_word' id='word_1_280' title='bbox 648 4267 810 4326; x_wconf 89' lang='lat' dir='ltr'><strong>Pind.</strong></span> <span class='ocrx_word' id='word_1_281' title='bbox 847 4285 912 4324; x_wconf 89' lang='lat' dir='ltr'><strong>eo</strong></span> <span class='ocrx_word' id='word_1_282' title='bbox 950 4285 1171 4340; x_wconf 86' lang='lat' dir='ltr'><strong>quoque</strong></span> <span class='ocrx_word' id='word_1_283' title='bbox 1207 4286 1322 4323; x_wconf 88' lang='lat' dir='ltr'><strong>non</strong></span> <span class='ocrx_word' id='word_1_284' title='bbox 1357 4270 1545 4340; x_wconf 85' lang='lat' dir='ltr'><strong>potest</strong></span> <span class='ocrx_word' id='word_1_285' title='bbox 1580 4268 1877 4336; x_wconf 85' lang='lat' dir='ltr'><strong>offendere,</strong></span> <span class='ocrx_word' id='word_1_286' title='bbox 1914 4267 2066 4337; x_wconf 88' lang='lat' dir='ltr'><strong>quod</strong></span> <span class='ocrx_word' id='word_1_287' title='bbox 2096 4264 2229 4320; x_wconf 82' lang='grc' dir='ltr'>λιταὶ</span> <span class='ocrx_word' id='word_1_288' title='bbox 2251 4268 2434 4339; x_wconf 87' lang='lat' dir='ltr'><strong>ipsum</strong></span> <span class='ocrx_word' id='word_1_289' title='bbox 2456 4266 2518 4322; x_wconf 88' lang='lat' dir='ltr'><strong>in</strong></span> <span class='ocrx_word' id='word_1_290' title='bbox 2541 4283 2733 4325; x_wconf 89' lang='lat' dir='ltr'><strong>eorum</strong></span> 
     </span>
    </p>
   </div>
   <div class='ocr_carea' id='block_1_8' title="bbox 382 4357 2735 4503">
    <p class='ocr_par' dir='ltr' id='par_1_8' title="bbox 382 4357 2735 4503">
     <span class='ocr_line' id='line_1_39' title="bbox 382 4357 2735 4430; baseline 0 -17"><span class='ocrx_word' id='word_1_291' title='bbox 382 4357 674 4413; x_wconf 89' lang='lat' dir='ltr'><strong>nominum</strong></span> <span class='ocrx_word' id='word_1_292' title='bbox 720 4375 951 4415; x_wconf 88' lang='lat' dir='ltr'><strong>numero</strong></span> <span class='ocrx_word' id='word_1_293' title='bbox 998 4360 1106 4426; x_wconf 87' lang='lat' dir='ltr'><strong>est,</strong></span> <span class='ocrx_word' id='word_1_294' title='bbox 1154 4376 1298 4429; x_wconf 87' lang='lat' dir='ltr'><strong>quae</strong></span> <span class='ocrx_word' id='word_1_295' title='bbox 1348 4360 1407 4415; x_wconf 89' lang='lat' dir='ltr'><strong>et</strong></span> <span class='ocrx_word' id='word_1_296' title='bbox 1451 4357 1728 4430; x_wconf 81' lang='lat' dir='ltr'><strong>singulari</strong></span> <span class='ocrx_word' id='word_1_297' title='bbox 1772 4359 1830 4413; x_wconf 87' lang='lat' dir='ltr'><strong>et</strong></span> <span class='ocrx_word' id='word_1_298' title='bbox 1874 4357 2085 4429; x_wconf 88' lang='lat' dir='ltr'><strong>plurali</strong></span> <span class='ocrx_word' id='word_1_299' title='bbox 2129 4374 2362 4415; x_wconf 88' lang='lat' dir='ltr'><strong>numero</strong></span> <span class='ocrx_word' id='word_1_300' title='bbox 2408 4374 2571 4414; x_wconf 89' lang='lat' dir='ltr'><strong>sensu</strong></span> <span class='ocrx_word' id='word_1_301' title='bbox 2616 4358 2735 4414; x_wconf 83' lang='lat' dir='ltr'><strong>fere</strong></span> 
     </span>
     <span class='ocr_line' id='line_1_40' title="bbox 382 4447 1142 4503; baseline 0 0"><span class='ocrx_word' id='word_1_302' title='bbox 382 4463 498 4503; x_wconf 88' lang='lat' dir='ltr'><strong>non</strong></span> <span class='ocrx_word' id='word_1_303' title='bbox 534 4447 753 4503; x_wconf 85' lang='lat' dir='ltr'><strong>mutato</strong></span> <span class='ocrx_word' id='word_1_304' title='bbox 789 4447 1142 4503; x_wconf 85' lang='lat' dir='ltr'><strong>adhibentur.</strong></span> 
     </span>
    </p>
   </div>
  </div>
 </body>
</html>
