3226 5028
1629 278 1669 342 8

473 476 677 543 secuti
721 480 957 544 essent.
1049 476 1297 544 Deinde
1344 477 1657 545 schemati
1686 499 1831 563 gen.
1866 478 2078 543 neutr.
2109 476 2591 562 neglegentiam
2620 497 2821 560 quan-

473 583 623 649 dam
668 584 981 650 sermonis
1027 607 1158 651 non
1203 584 1455 651 subesse
1485 584 1795 650 Franzius
1840 586 1882 650 1.
1920 606 1972 650 c.
2021 585 2183 650 satis
2228 585 2461 650 docuit.
2513 621 2594 632 --
2643 580 2825 649 Nulli

457 691 707 757 'harum
763 693 1126 759 sententiae
1171 713 1429 778 prorsus
1477 690 1838 758 consentire
1882 713 2233 778 possumus,
2293 691 2585 775 quamvis
2631 690 2700 756 in
2746 691 2824 756 iis

477 799 725 885 aliquid
755 798 897 865 veri
918 801 1126 866 inesse
1154 821 1287 864 non
1317 798 1405 864 sit
1432 797 1823 884 negandum.
1915 797 2231 885 Deinceps
2268 797 2351 864 ad
2383 820 2489 864 eas
2519 797 2825 864 redeundi

478 905 868 991 aliquotiens
913 905 1078 972 mihi
1123 906 1300 971 locus
1347 904 1493 972 erit.

653 1029 748 1095 Ut
792 1033 1085 1097 nostram
1114 1029 1508 1097 sententiam
1536 1051 1951 1115 exponamus,
1992 1028 2372 1116 seiungendi
2399 1032 2554 1095 sunt
2583 1051 2622 1094 a
2648 1028 2828 1095 sche-

477 1139 647 1203 mate
670 1135 1028 1217 PindaricO,
1059 1135 1229 1222 quod
1249 1138 1507 1225 proprie
1527 1137 1620 1203 sic
1638 1139 2031 1218 nominatur,
2061 1137 2159 1202 illi
2176 1137 2319 1217 loci,
2340 1137 2569 1221 quibus
2587 1135 2829 1202 subiec-

475 1247 616 1310 tum
656 1266 735 1309 ex
779 1243 1023 1310 duabus
1052 1244 1423 1311 notionibus
1452 1245 1773 1330 particula
1801 1244 2166 1330 copulativa
2192 1244 2448 1310 conexis
2478 1244 2735 1308 constat
2765 1245 2830 1308 et

476 1353 672 1418 verbo
710 1352 1070 1438 proximum
1112 1356 1210 1418 est
1250 1375 1483 1420 nomen
1510 1352 1838 1438 singulare
1866 1353 1968 1417 vel
2000 1373 2145 1438 gen.
2176 1354 2389 1417 neutr.
2418 1351 2683 1437 plurale,
2727 1350 2828 1417 cui

477 1459 742 1524 verbum
770 1462 869 1525 est
897 1459 1463 1525 accommodatum.
1510 1458 1698 1524 Nihil
1727 1459 1864 1524 fere
1893 1458 2044 1525 miri
2065 1458 2334 1545 praebet
2355 1458 2461 1525 hic
2483 1481 2654 1538 usuS,
2687 1478 2829 1522 cum

480 1566 746 1633 verbum
796 1565 1098 1633 subiectis
1146 1568 1487 1633 antecedit.
1592 1565 2070 1650 Nonnunquam
2118 1565 2374 1649 quidem
2420 1587 2655 1631 nomen
2700 1566 2831 1630 sin-

480 1675 704 1762 gulare
749 1673 944 1740 verbo
991 1675 1357 1759 proximum
1403 1674 1603 1740 etiam
1649 1673 2004 1739 subiectum
2047 1674 2421 1758 primarium
2468 1675 2585 1753 est,
2633 1675 2710 1737 ut

481 1799 673 1865 Hom.
720 1797 801 1878 Η,
848 1797 999 1863 386.
1048 1796 1263 1886 ἠνώγει
1309 1798 1591 1887 Πρίαμός
1639 1800 1705 1864 τε
1748 1804 1853 1866 καὶ
1900 1799 2083 1865 ἄλλοι
2129 1796 2338 1885 Τρῶες
2388 1775 2625 1881 ἀγαυοί.

485 1924 648 1990 Xen.
708 1921 859 2008 Cyri
906 1946 1047 2010 exp.
1097 1922 1175 2004 V,
1235 1926 1297 2006 9,
1361 1923 1461 1989 16.
1567 1923 1657 1991 ὅτι
1712 1923 1987 2012 ἐπαινοίη
2050 1920 2268 2000 αὖτοὺς
2325 1928 2430 1991 καὶ
2486 1920 2831 2006 Ἀναξίβιος

482 2036 587 2099 καὶ
636 2028 692 2097 οἱ
738 2030 944 2097 ἄλλοι.
2908 2028 2914 2034 ’

481 2155 643 2223 Xen.
691 2155 844 2239 Cyri
888 2155 1041 2221 inst.
1087 2155 1206 2238 111,
1265 2155 1328 2235 3,
1385 2155 1493 2221 48.
1579 2153 1734 2223 Ἧκε
1792 2156 2154 2243 Χρυσάντας
2215 2180 2278 2222 τε
2335 2154 2370 2221 ὁ
2425 2154 2672 2243 Πέρσης
2729 2156 2836 2220 καὶ

486 2263 670 2330 ἄλλοι
715 2267 869 2339 τινὲς
914 2276 1033 2330 τῶν
1080 2261 1402 2351 ὁμοτίμων.

486 2389 683 2456 Inscr.
714 2386 857 2454 Att.
907 2386 1004 2473 (G.
1051 2389 1177 2455 vol.
1225 2365 1311 2469 11,
1358 2411 1422 2473 p.
1469 2389 1521 2468 I,
1572 2387 1706 2472 54.)
1754 2393 1887 2475 περὶ
1914 2387 1996 2456 ὧν
2024 2391 2186 2473 λέγει
2215 2387 2640 2476 Ἀστυκράτης
2681 2435 2696 2451 .
2726 2435 2741 2451 .
2773 2434 2787 2449 .
2819 2435 2833 2448 .

482 2500 593 2564 καὶ
637 2493 698 2563 οἱ
744 2494 871 2584 μετ’
918 2491 1102 2563 αὐτοῦ
1149 2495 1491 2587 ἐψηφίσθαι
1537 2507 1613 2585 τῇ
1662 2499 1875 2585 βουλῇ.

490 2621 650 2689 Cum
696 2620 804 2687 hic
857 2644 1025 2687 unus
1070 2621 1259 2689 modo
1306 2645 1385 2688 ex
1431 2623 1885 2708 compluribuS,
1945 2643 2104 2707 quos
2151 2619 2379 2688 deinde
2426 2621 2607 2685 notio
2654 2618 2838 2683 ἄλλοι

486 2731 589 2795 vel
652 2726 710 2795 οἱ
768 2728 894 2816 μετ’
953 2724 1138 2795 αότοῦ
1196 2730 1663 2815 complectitur,
1730 2729 1989 2815 proprie
2049 2731 2227 2816 agat,
2293 2733 2393 2794 est
2452 2748 2661 2807 causa,
2727 2747 2838 2790 cur

490 2835 755 2902 verbum
800 2835 953 2901 huic
997 2838 1118 2903 soli
1162 2836 1251 2902 sit
1278 2837 1846 2903 accommodatum.
1940 2836 2166 2922 Neque
2197 2837 2389 2903 aliter
2416 2857 2517 2900 res
2545 2857 2613 2899 se
2643 2832 2839 2899 habet

371 2969 374 2972 ·
487 2943 645 3010 locis
690 2944 863 3012 Plat.
924 2966 1127 3031 symp.
1176 2968 1239 3030 p.
1302 2945 1428 3011 176
1476 2944 1557 3010 A.
1664 2948 2126 3021 κατακλινέντος
2172 2954 2277 3010 τοῦ
2325 2942 2688 3029 Σωκράτους
2734 2943 2840 3007 καὶ

488 3053 916 3140 δειπνήσαντος
962 3055 1067 3118 καὶ
1111 3064 1229 3118 τῶν
1275 3052 1485 3118 ἄλλων
1532 3055 1598 3117 et
1644 3051 1796 3117 ibid.
1845 3075 1907 3137 p.
1959 3051 2087 3117 173
2135 3051 2217 3117 A.
2309 3049 2612 3116 τάπινίκια
2658 3048 2838 3115 ἔθυεν

491 3156 675 3235 αὖτός
720 3182 783 3223 τε
827 3163 934 3225 καὶ
973 3155 1029 3224 οἱ
1057 3160 1363 3246 χορευταί.
1457 3158 1747 3243 Utroque
1780 3159 1952 3224 enim
1982 3160 2118 3226 loco
2142 3158 2505 3245 Σωκράτους
2529 3157 2630 3222 vel
2658 3151 2840 3230 αὐτὸς
2923 3189 2928 3194 ·

489 3266 846 3332 subiectum
875 3265 1039 3352 prim
1048 3268 1253 3332 arium
1278 3289 1413 3333 esse
1435 3267 1659 3351 liquet,
1692 3269 1769 3332 ut
1793 3266 1990 3333 etiam
2014 3265 2139 3331 dici
2157 3266 2361 3350 possit
2379 3265 2839 3338 κατακλινέντος

490 3374 856 3460 Σωκράτους
912 3377 1078 3461 μετὰἱ
1121 3386 1237 3452 τῶν
1297 3375 1507 3441 ἄλλων
1563 3375 1631 3440 et
1687 3375 1869 3441 ἔθυεν
1925 3370 2109 3450 αὐτὸς
2156 3377 2308 3461 μετὰ
2330 3385 2468 3439 τῶν
2514 3382 2840 3459 χορευτῶν.

491 3481 636 3547 Huc
695 3479 895 3547 etiam
952 3481 1239 3565 pertinet
1286 3479 1434 3548 Act.
1483 3481 1712 3568 Apost.
1766 3481 1869 3561 16,
1917 3481 2026 3547 33.
2116 3480 2459 3568 ἐβαπτίσθη
2509 3474 2715 3553 αυτὸς·
2735 3483 2844 3545 καὶ

492 3586 550 3656 οἱ
615 3583 800 3654 αὐτοῦ
864 3593 1085 3663 πάντες
1148 3600 1557 3678 παραχρῆμα.
1637 3626 1717 3636 —·
1797 3587 2136 3688 Inyenitur
2210 3589 2426 3654 autem
2494 3585 2843 3671 singularis

493 3717 744 3781 quoque
818 3694 997 3762 verbi
1074 3717 1396 3777 numerus,
1470 3694 1579 3760 ubi
1645 3696 1996 3782 complures
2059 3693 2302 3780 singuli
2365 3716 2444 3759 ex
2506 3692 2843 3759 indefinito

491 3824 762 3869 numero
862 3804 1373 3886 praemittuntur
1388 3851 1404 3882 ,
1508 3804 1584 3866 ut
1678 3802 1819 3868 loco
1913 3800 2247 3867 Demosth.
2343 3801 2479 3869 κατ’
2564 3799 2841 3886 Ἀνδροτ.

495 3933 558 3996 p.
629 3908 778 3976 704.
864 3908 1106 3996 Συνερεῖ
1182 3919 1258 3997 τῇ
1354 3911 1547 3997 βουλῇ
1639 3909 1951 3985 Φίλιππος
2033 3913 2137 3975 καὶ
2209 3907 2559 3997 Ἀντιγένης
2632 3912 2736 3974 καὶ
2809 3905 2843 3973 ὁ

496 4016 892 4106 ἀντιγραφεὺς
939 4022 1044 4084 καί
1089 4040 1240 4092 τινες
1289 4016 1488 4083 ἄλλοι.
1580 4016 1707 4084 Ηίο
1751 4016 1889 4082 sine
1932 4015 2126 4082 dubio
2166 4020 2389 4083 auctor
2417 4016 2499 4083 ad
2532 4015 2841 4101 singulos,

496 4145 655 4210 quos
714 4126 1199 4191 enumeraturus
1256 4127 1381 4203 est,
1449 4124 1732 4190 animum
1788 4123 2141 4202 convertit3
2209 4123 2429 4208 itaque
2488 4122 2684 4188 etiam
2738 4120 2847 4187 hic

496 4254 797 4298 numerus
855 4231 1206 4319 singularis
1250 4231 1439 4298 facile
1485 4231 1781 4316 intellegi
1835 4231 2068 4315 potest.
2126 4266 2215 4278 -—
2272 4229 2395 4296 Sed
2450 4233 2602 4296 sunt
2647 4231 2845 4296 etiam

494 4339 820 4424 permulta
866 4340 1173 4424 exempla,
1220 4362 1382 4423 quae
1429 4339 1675 4408 nullam
1733 4337 1928 4404 aliam
1974 4337 2312 4404 videantur
2357 4337 2596 4416 habere
2642 4337 2845 4422 expli-

498 4447 838 4527 cationem,
897 4446 1024 4512 nisi
1077 4447 1245 4532 quod
1302 4445 1550 4510 auctori
1605 4444 2044 4531 praedicatum
2101 4446 2172 4510 in
2217 4446 2532 4533 singulari
2578 4466 2845 4521 numero
