3226 5028
1621 251 1707 316 36

664 445 723 511 1.
771 445 1231 512 Hdraclidis

776 592 837 636 a.
884 568 1055 655 apud
1082 569 1380 636 Eustath.
1412 570 1491 636 ad
1540 595 1594 650 υ,
1630 569 1759 634 287
1788 571 1976 655 (quod
2004 593 2200 656 supra
2229 593 2291 656 p.
2322 571 2385 648 2,
2419 572 2479 649 1,
2507 570 2551 635 b
2577 571 2827 652 attuli);

767 676 831 743 b.
879 662 1031 743 ibid.
1086 676 1167 743 ad
1213 678 1264 758 ξ,
1326 678 1477 758 212,
1536 698 1686 763 pag.
1751 677 1943 759 1759,
2002 677 2088 743 32
2135 677 2216 744 R.
2265 677 2372 766 ἀφ’
2418 674 2488 744 οὔ
2535 675 2830 764 Δωρικῶς

479 781 762 859 Ἡσίοδος
805 784 923 874 ἔφη
963 791 1051 863 τό,
1097 795 1234 873 τῆς
1281 783 1432 874 δ’ἧν
1463 796 1663 872 τρεῖς
1694 788 2045 874 κεφαλαί.
2111 782 2200 850 Τὸ
2229 786 2295 850 δὲ
2324 794 2591 852 τοιοῦτον
2618 783 2830 852 Ἡσιό-

481 891 640 958 δειον
703 888 778 980 ἧν
839 902 1015 969 ποιεῖ,
1084 898 1234 981 φησί
1299 892 1458 975 (scil.
1528 891 1562 957 ὁ
1621 891 2083 982 Ἡρακλείδης),
2150 896 2220 957 τὸ
2287 889 2447 980 ἦσαν
2500 896 2830 979 προσθέσει

481 1009 587 1065 τοῦ
635 1003 821 1087 σίγμα
866 1004 974 1067 καὶ
1019 1010 1124 1067 τοῦ
1173 999 1365 1089 ἄλφα.

660 1143 723 1209 2.
771 1139 1219 1209 Herodiani

768 1288 827 1332 a.
872 1270 1008 1353 περὶ
1053 1271 1409 1355 σχημάτων,
1436 1263 1646 1343 Walz,
1679 1263 1779 1328 rh.
1811 1284 1909 1349 gr.
1942 1261 2121 1345 VIII,
2150 1285 2212 1347 p.
2248 1266 2375 1330 605
2410 1265 2515 1349 (cf.
2549 1285 2610 1348 p.
2649 1267 2712 1343 5,
2741 1264 2827 1347 3).

766 1372 829 1438 b.
877 1377 1013 1459 περὶ
1057 1379 1364 1461 μονήρους
1408 1372 1635 1446 λέξεως
1682 1370 1754 1435 in
1799 1367 1970 1437 Guil.
2011 1368 2331 1436 Dindorfii
2376 1392 2475 1456 gr.
2508 1391 2605 1456 gr.
2638 1370 2692 1451 Ι,
2723 1374 2829 1438 44.

334 1500 335 1503 ’
468 1477 621 1547 Ἤν·
670 1474 843 1546 οῦδὲν
890 1476 1062 1568 ῥῆμα
1109 1478 1408 1565 ὁριστικὸν
1453 1476 1649 1544 ἑνικὸν
1694 1489 1932 1563 πρῶτον
1978 1483 2300 1563 πρόσωπον
2327 1480 2492 1544 κατὰ
2520 1482 2621 1545 τὸν
2649 1473 2831 1546 αῦτὸν

477 1594 705 1675 χρόνον
768 1584 988 1672 ὁρᾶται
1050 1598 1284 1671 πρῶτον
1347 1592 1667 1671 πρόσωπον
1731 1582 1931 1651 ἑνικοῦ
1996 1588 2102 1651 καὶ
2165 1592 2362 1671 τρίτον
2426 1583 2661 1663 ἑνικοῦ,
2726 1590 2832 1652 καὶ

479 1705 717 1780 πρῶτον
776 1698 884 1761 καὶ
940 1700 1135 1779 τρίτον
1193 1694 1610 1781 πληθυντικοῦ
1629 1740 1644 1769 ,
1704 1689 1793 1757 ὅτι
1840 1696 1927 1779 μὴ
1976 1698 2157 1778 μόνον
2202 1696 2271 1758 τὸ
2331 1690 2423 1779 ἦν.
2515 1688 2645 1757 Ἤν
2690 1695 2830 1777 γὰρ

478 1799 639 1883 ἐγώ,
667 1798 939 1867 Ἀττικοί
967 1803 1229 1883 λέγουσι,
1276 1804 1403 1878 καὶ,
1450 1797 1534 1888 ἦν
1564 1797 1882 1873 ἐκεῖνος·
1906 1802 2015 1865 καὶ
2044 1800 2474 1888 πληθυντικῶς
2508 1796 2831 1886 Σιμονίδης

485 1904 582 1974 ἐπὶ
637 1912 879 1993 πρώτου
937 1913 1284 1994 προσώπου,
1334 1905 1419 1982 ώς
1465 1910 1571 1972 καὶ
1619 1904 1680 1970 ἐν
1727 1914 1856 1979 τοῖς
1902 1903 2376 1991 ἐπιγράμμασιν·
2424 1903 2509 1994 ἦν
2557 1905 2832 1972 ἑκατὸν

478 2016 752 2102 φιάλαι
798 2016 984 2104 δίχα
1029 2019 1288 2103 σφίσιν
1336 2033 1351 2049 ·
1402 2013 1530 2080 ἀντὶ
1575 2016 1692 2097 γὰρ
1740 2021 1846 2076 τοῦ
1895 2010 2047 2099 ἦμεν
2098 2010 2205 2100 ἧν·
2252 1998 2384 2101 τῆς
2434 2009 2583 2102 δ’ἧν
2628 2023 2830 2098 τρεῖς

476 2123 839 2210 κεφαλαί·
894 2127 1002 2190 καὶ
1058 2126 1312 2210 κωφὸν
1358 2117 1510 2208 δ’ἦν
1556 2121 2109 2204 προπάροιθεν.
2203 2116 2338 2186 Οὔκ
2384 2118 2580 2202 ἀγνοῶ
2628 2120 2694 2184 δὲ
2742 2118 2832 2185 ὅτι

474 2224 770 2303 ποικίλως
820 2227 1031 2304 ἄλλως
1079 2231 1316 2311 λέγεται
1363 2233 1431 2293 τὸ
1479 2224 1670 2315 ῥῆμα.

772 2373 827 2419 c.
885 2352 1056 2439 apud
1123 2351 1629 2419 Choeroboscum
1687 2351 1754 2415 in
1812 2348 2018 2416 Bekk.
2081 2349 2286 2416 Aned.
2344 2349 2463 2430 ΙΠ,
2522 2372 2584 2434 Ρ.
2610 2351 2827 2443 ,1293

466 2455 647 2526 Ἔστι
692 2463 798 2526 καὶ
847 2458 1057 2536 ἄλλως
1102 2461 1350 2548 τοιαῦτη
1397 2457 1718 2541 ἀπολογία,
1767 2458 1841 2546 ἢν
1889 2459 2050 2541 λέγει
2080 2456 2114 2524 ὁ
2141 2455 2600 2544 Ἡρωδιανὸς
2647 2457 2709 2526 ἐν
2744 2470 2830 2543 τῷ

477 2570 613 2651 περὶ
661 2561 846 2632 αὐτοῦ
894 2565 988 2650 (id
1031 2568 1131 2632 est
1176 2564 1272 2655 ἦν)
1320 2567 1684 2653 μονοβίβλῳ,
1733 2563 1825 2631 ὅτι
1852 2564 1927 2653 ἧν
1954 2560 2291 2652 εὑρίσκεται
2322 2571 2561 2653 πρώτου
2590 2570 2829 2653 προσώ-

478 2695 595 2739 που
642 2671 861 2752 ἑνικοῦ,
911 2671 995 2748 ώς
1041 2671 1184 2758 παρ’
1229 2669 1656 2760 Ἀριστοφάνει
1702 2671 1764 2739 ἐν
1810 2671 2069 2760 Πλοῦτῳ

1226 2780 1462 2854 δίκαιος
1509 2777 1593 2844 ὢν
1642 2778 1798 2867 ἀνὴρ

1227 2897 1439 2960 κακῶς
1486 2885 1779 2971 ἔπραττον
1823 2890 1932 2952 καὶ
1974 2890 2161 2977 πένης
2207 2885 2301 2975 ἦν,

481 2992 610 3059 ἀντὶ
671 3002 776 3060 τοῦ
839 2988 1122 3081 ῦνῆρχον.
1233 2987 1595 3077 Εῦρὶσκεται
1659 2996 1767 3059 καὶ
1831 3001 2032 3080 τρίτου
2089 2998 2416 3079 προσώπου
2473 2990 2692 3066 ἑνικοῦ,
2742 2991 2827 3080 ἧν

479 3099 806 3176 ἐκεῖνος·
852 3095 1081 3189 εῦρέθη
1128 3100 1194 3164 δὲ
1257 3103 1365 3166 καὶ
1426 3104 1667 3184 πρώτου
1711 3105 2038 3185 προσώπου
2079 3102 2526 3191 πληθυντικοῦ,
2574 3098 2698 3166 οἷον
2744 3098 2828 3188 ἧν

479 3205 701 3297 ἡμεῖς
761 3206 888 3275 ἀντὶ
945 3215 1050 3273 τοῦ
1106 3204 1275 3295 ἦμεν.
1368 3203 1642 3281 Εἰκότως
1689 3203 1792 3272 οὖν
1836 3211 1944 3273 καὶ
1987 3212 2055 3272 τὸ
2101 3212 2296 3292 τρίτον
2342 3213 2663 3292 πρόσωπον
2711 3218 2827 3273 τῶν

477 3317 910 3403 πληθυντικῶν
968 3309 1082 3380 οῦκ
1141 3312 1464 3402 ἐνήλλαξις
1520 3318 1675 3399 πρὸς
1719 3319 1787 3379 τὸ
1830 3313 1982 3380 ἴδιον
2025 3321 2368 3400 πρόσωπον,
2417 3312 2559 3379 ἀλλ’
2605 3312 2826 3396 ἐγίνετο

479 3424 587 3488 καὶ
650 3416 801 3487 αὐτὸ
865 3419 938 3510 ἦν
1002 3421 1104 3485 διὰ
1167 3429 1272 3486 τοῦ
1338 3422 1402 3507 ῆ,
1467 3430 1598 3508 τῆς
1663 3419 1820 3510 δ’ἧν
1877 3431 2082 3508 τρεῖς
2127 3423 2480 3511 κεφαλαί,
2529 3419 2660 3486 ἀντὶ
2722 3429 2826 3486 τοῦ

478 3526 659 3617 ἦσαν,
730 3527 834 3596 ἵνα
908 3526 1107 3614 ὥςπερ
1184 3525 1246 3594 ἐν
1310 3537 1435 3602 τοῖς
1512 3525 1731 3602 ἑνικοῖς
1807 3533 1874 3594 τὸ
1938 3541 2174 3615 πρῶτον
2235 3532 2343 3595 καὶ
2418 3530 2614 3613 τρίτον
2676 3527 2827 3614 ὁμο-

479 3644 766 3724 φωνοῦσι,
832 3640 936 3702 τὸν
999 3630 1182 3702 αὐτὸν
1246 3641 1468 3721 τρόπον
1524 3638 1633 3701 καὶ
1688 3632 1753 3699 ἐν
1809 3645 1934 3711 τοῖς
1979 3637 2419 3724 πληθυντικοῖς
2477 3639 2546 3700 τὸ
2590 3646 2827 3721 πρῶτον

477 3746 585 3809 καὶ
629 3742 827 3829 τρίτον
871 3740 1312 3832 ὁμοφωνοῦσιν.

658 3866 722 3933 3.
770 3865 1291 3935 Choerobosci
1338 3866 1408 3932 in
1453 3865 1661 3931 Bekk.
1708 3863 1949 3932 Aneed.
1996 3865 2116 3946 III,
2162 3890 2225 3953 p.
2261 3864 2451 3933 1293.
2524 3865 2827 3955 Παραφυ-

478 3976 845 4061 λαττόμεθα
898 3979 967 4040 τὸ
1012 3972 1097 4063 ἦν
1145 3985 1359 4059 τρεῖς
1396 3970 1745 4062 κεφαλαί,
1792 3972 1858 4040 ὃν
1906 3972 2035 4040 ἀντὶ
2078 3983 2184 4039 τοῦ
2231 3972 2407 4063 ἦσαν.
2485 3971 2667 4040 ’Έστι
2710 3976 2826 4059 γὰρ

478 4079 652 4170 ἦμεν,
717 4079 845 4170 ἦτε,
911 4080 1088 4171 ἦσαν,
1153 4085 1263 4147 καὶ
1317 4079 1574 4165 γίγνεται
1631 4083 1802 4166 παρὰ
1856 4090 1983 4156 τοῖς
2040 4091 2318 4169 ποιηταῖς
2375 4080 2451 4169 ἦν
2506 4086 2575 4146 τὸ
2632 4086 2827 4166 τρίτον

476 4193 800 4274 πρόσωπον
859 4199 977 4254 τῶν
1032 4189 1484 4276 πληθυντικῶν,
1543 4190 1651 4253 καὶ
1703 4184 1835 4253 ἰδοῦ
1890 4184 2152 4252 ἐλλείπει
2209 4200 2322 4275 μιᾷ
2377 4188 2662 4274 συλλαβῇ
2719 4196 2825 4253 τοῦ

476 4292 632 4360 ἰδίου
676 4299 916 4381 πρώτου
969 4296 1406 4382 πληθυντικοῦ,
1465 4297 1573 4359 καὶ
1629 4289 1702 4359 οὗ
1747 4299 1950 4378 γέγονε
1994 4298 2147 4379 πρὸς
2192 4300 2301 4383 τήν
2344 4298 2826 4383 παραλήγουσαν

476 4412 589 4488 τῆς
654 4412 891 4490 γενικῆς
956 4411 1067 4488 τῆς
1132 4411 1418 4488 μετοχῆς.
1471 4396 1650 4465 Ἔστι
1714 4403 1830 4487 γὰρ
1895 4399 1981 4476 εἷς
2046 4400 2212 4476 ἔντος
2279 4399 2322 4491 ἡ
2387 4408 2654 4490 μετοχή,
2720 4405 2825 4467 καὶ
