3226 5028
1526 304 1608 370 15

379 505 458 586 Π,
508 503 639 570 264
686 553 703 570 .
754 554 769 571 .
821 554 836 569 .
885 502 953 571 οἱ
1008 504 1059 570 δ’
1074 505 1338 592 ἄλκιμον
1385 501 1537 592 ἦτορ
1584 503 1835 591 ἔχοντες

377 637 624 717 πρόσσω
671 641 817 705 πᾶς
864 636 1177 695 πέτεται
1222 633 1328 694 καὶ
1376 627 1589 715 ἆμὺνει
1637 624 1753 693 οῖσι
1800 625 2128 709 τεκεσσι.7)

378 824 464 838 ·-
526 788 629 855 Ad
690 791 1234 857 constructionem
1289 793 1453 857 κατὰ
1516 792 1753 854 σὺνεσιν
1806 789 1969 853 item
2030 784 2369 853 revocandi
2414 787 2586 851 sunt·
2613 784 2737 850 loci

382 894 643 981 quidam
675 895 1090 981 Thucydidei.
1162 894 1354 983 Apud
1386 895 1588 962 Thuc.
1625 897 1796 961 enim
1822 893 1907 975 11,
1939 892 1981 959 3
2013 893 2284 980 legitur:
2334 890 2376 957 ἁ
2392 892 2592 979 μάξα
2610 916 2641 968 ς
2673 916 2737 957 τε

381 1003 529 1069 ἄνευ
576 1014 695 1068 τῶν
740 998 1078 1086 ὃποζογὶων
1138 1001 1202 1079 ἐς
1250 1006 1360 1079 τὰς
1409 1003 1588 1078 ὁδοὺς
1633 1005 2051 1078 καθίστασαν,
2094 998 2174 1066 ἵν’
2204 999 2335 1066 ἀντὶ
2381 1004 2623 1087 τείχους
2669 999 2735 1085 ᾖ.

379 1108 597 1176 Minus
659 1109 820 1177 bene
882 1109 1207 1177 Matthiae
1271 1111 1308 1195 ἐ
1365 1109 1496 1175 303
1582 1112 1792 1176 locum
1869 1097 2220 1192 intellegit:
2301 1127 2420 1191 pro
2486 1103 2736 1193 ἁμάξας

380 1214 635 1304 ἅρματα
699 1216 770 1282 in
833 1217 1049 1284 animo
1111 1217 1385 1284 volvisse
1451 1215 1891 1302 Thucydidem
1948 1214 2133 1298 eique
2189 1212 2441 1279 nomini
2496 1212 2737 1297 plurali

383 1346 529 1411 gen.
579 1325 790 1389 neutr.
840 1322 1106 1389 verbum
1151 1324 1196 1409 ἡ
1243 1325 1772 1391 accommodasse.
1866 1321 2091 1405 Neque
2139 1320 2314 1390 enim
2353 1318 2588 1408 ἅμαξαι
2635 1321 2736 1385 vel

383 1429 636 1518 ἅρματα
683 1429 875 1495 verbo
921 1431 966 1516 ἡ
1010 1430 1330 1515 singulari
1375 1433 1475 1497 est
1514 1430 1959 1517 supplendum,
2007 1425 2118 1494 sed
2145 1430 2360 1493 totum
2388 1426 2737 1492 ennuntia-

378 1540 520 1602 tum
566 1535 952 1625 praecedens
982 1521 1227 1624 ἁμάξας
1276 1587 1291 1602 .
1340 1587 1355 1603 .
1405 1587 1420 1603 .
1467 1536 1886 1616 καθίστασαν,
1928 1540 2004 1601 ut
2034 1558 2164 1602 una
2203 1534 2519 1621 quaedam
2552 1534 2735 1600 notio

384 1667 687 1713 curruum
762 1643 1123 1728 positioniS.
1244 1644 1414 1710 Huic
1484 1645 1625 1712 loco
1698 1642 1918 1729 Poppo
1991 1643 2061 1708 in
2135 1641 2189 1706 T
2193 1641 2335 1707 huc.
2411 1640 2733 1721 editionis,

384 1751 557 1838 Lips.
610 1749 805 1831 1821,
861 1751 1049 1834 parte
1094 1750 1147 1829 Ι,
1209 1752 1332 1817 vol.
1379 1750 1435 1831 Ι,
1480 1773 1625 1840 pag.
1677 1751 1769 1816 93*
1821 1750 2004 1816 addit
2041 1747 2120 1832 V,
2168 1750 2275 1815 47.
2368 1746 2512 1824 Τοῖς
2560 1752 2735 1839 βοη-

379 1863 653 1925 θοῦσιν
720 1856 760 1946 ἡ
818 1861 996 1932 πόλις
1054 1855 1094 1945 ἡ
1141 1863 1464 1944 πέμπουσα
1510 1864 1835 1946 παρεχέτω
1883 1864 2067 1945 μέχρι
2113 1863 2442 1943 τριάκοντα
2490 1854 2734 1946 ἡμερῶν

381 1976 564 2043 σῖτον,
614 1963 765 2053 ἐπὴν
830 1964 1030 2049 ἔλθῃ
1091 1963 1156 2040 ἐς
1202 1957 1312 2054 τὴν
1371 1967 1546 2031 πόλιν
1594 1970 1704 2055 τὴν
1765 1961 2211 2047 ἐπαγγείλασαν
2271 1967 2544 2054 βοηθεῖν,
2604 1961 2736 2027 eubi

382 2072 549 2158 ἔλθῃ
596 2060 898 2156 ponitur,
925 2070 1075 2155 quia
1120 2071 1395 2158 scriptor
1441 2072 1511 2135 in
1537 2075 1773 2156 ⁴mente
1819 2070 2018 2137 habet
2064 2069 2105 2159 ἡ
2152 2069 2457 2158 βοηθεία.’

564 2213 668 2278 Ab
712 2235 842 2278 uno
890 2217 1106 2278 autem
1150 2215 1482 2281 nominum
1523 2236 1762 2301 genere
1789 2214 2114 2300 profectus
2159 2233 2312 2277 usus
2357 2233 2506 2276 mox
2538 2212 2735 2279 latius

379 2316 777 2409 propagatus
846 2324 963 2387 est.
1068 2320 1347 2388 Constat
1414 2322 1586 2387 enim
1655 2323 1943 2407 linguam
2005 2317 2317 2385 Graecam
2372 2319 2738 2404 saepissime

382 2429 618 2513 plurali
675 2449 943 2494 numero
1000 2429 1366 2514 significare
1425 2430 1650 2508 solere,
1715 2450 1875 2512 quae
1922 2426 2178 2513 proprie
2224 2448 2354 2491 una
2400 2425 2587 2493 modo
2633 2448 2735 2493 res
2804 2488 2841 2524 ἡ

382 2559 455 2603 ac
509 2537 692 2601 notio
750 2536 868 2615 sit,
926 2559 1071 2602 cnm
1128 2540 1349 2622 partes
1410 2536 1692 2603 eiusdem
1749 2535 1843 2601 rei
1899 2534 2291 2621 cogitentur.
2396 2533 2592 2600 Cuius
2638 2536 2731 2600 rei
2840 2531 2879 2578 Ψ

379 2645 740 2730 exemplum
786 2643 1021 2707 mirum
1069 2642 1383 2710 Franzius
1428 2644 1472 2708 1.
1522 2666 1572 2709 c.
1623 2665 1773 2729 pag.
1808 2645 1848 2709 9
1896 2643 2085 2708 affert
2127 2664 2205 2707 ex
2250 2640 2577 2729 Euripide,
2625 2643 2735 2727 qui

381 2750 459 2817 de
524 2772 651 2816 uno
716 2747 1018 2834 G'yplopis
1084 2751 1270 2815 oculo
1331 2750 1584 2838 ὄμματα
1643 2749 1841 2836 (Cycl.
1899 2748 2028 2814 458
2091 2752 2158 2815 et
2213 2747 2370 2833 470)
2429 2752 2496 2813 et
2551 2756 2734 2835 κόραι

381 2856 541 2940 (463
588 2860 656 2921 et
705 2856 862 2941 611)
921 2856 1098 2921 dicit.
1203 2857 1447 2934 Quibus
1492 2880 1636 2925 cum
1684 2855 2050 2923 nominibus
2095 2857 2362 2922 verbum
2407 2857 2735 2942 singulare

382 2963 684 3049 coniungi
741 2963 977 3030 mirum
1031 2963 1235 3030 videri
1294 2987 1427 3030 non
1470 2967 1721 3051 potest3
1782 2964 2226 3051 complectitur
2272 2963 2734 3048 quodammodo

380 3071 729 3157 singularis
787 3069 968 3140 verbi
1023 3093 1327 3137 numerus
1384 3076 1603 3158 partes
1618 3121 1634 3152 ,
1694 3095 1860 3157 quae
1915 3071 2152 3156 plurali
2205 3071 2464 3138 nomine
2523 3075 2736 3157 expri-

380 3180 681 3257 muntur,
769 3177 839 3243 in
917 3201 1117 3245 unam
1195 3181 1545 3246 notionem.
1658 3180 1764 3246 Ita
1842 3179 2276 3265 intellegitur,
2352 3200 2464 3245 cur
2546 3177 2733 3245 Pind.

380 3285 495 3371 Py.
542 3284 653 3368 IX,
712 3284 819 3351 32.
927 3290 1096 3375 φόβῳ
1154 3281 1281 3353 δὀὔ
1338 3294 1850 3375 κεχείμανται
1913 3292 2184 3376 φρένες
2231 3308 2376 3352 cum
2422 3286 2733 3351 vocabulo

381 3398 618 3480 φρένες,
665 3392 836 3477 quod
882 3392 963 3457 ad
991 3393 1185 3458 unius
1213 3392 1401 3460 modo
1428 3417 1762 3479 personae,
1792 3392 2109 3472 ChironiS,
2150 3396 2432 3459 mentem
2460 3394 2732 3478 spectat,

351 3497 649 3578 ‘verbum
694 3499 1022 3583 singulare
1076 3499 1165 3563 sit
1220 3500 1604 3585 iunctum.8)
1669 3498 2025 3584 'Similiter
2083 3499 2305 3584 Eurip.
2363 3499 2508 3564 Hel.
2562 3496 2733 3563 1358

383 3624 475 3688 sq.
542 3604 814 3680 στολίδες
881 3608 979 3669 est
1047 3607 1553 3689 explanandum,
1610 3607 1722 3674 ubi
1767 3606 2174 3692 Musgravius
2220 3610 2429 3673 metro
2475 3606 2735 3672 iubente

381 3714 555 3778 recte
601 3713 853 3777 δῦναται
902 3734 1019 3798 pro
1062 3714 1349 3780 δὺνανται
1397 3715 1714 3781 restituit:

1024 3861 1181 3942 μέγα
1229 3881 1319 3923 τοι
1368 3858 1402 3922 δ
1411 3860 1446 3922 ὑ
1461 3880 1492 3923 ν
1509 3881 1551 3923 α
1567 3882 1599 3922 τ
1613 3882 1687 3923 αι
1735 3862 1959 3945 νεβρῶν

1021 3965 1430 4049 παμποίκιλαι
1478 3988 1513 4030 σ
1529 3988 1561 4029 τ
1577 3988 1610 4030 ο
1626 3968 1663 4030 λ
1680 3967 1699 4032 ί
1713 3966 1784 4030 δε
1801 3990 1852 4043 ς,

1020 4081 1234 4138 κισσοῖ)
1282 4095 1343 4136 τε
1391 4077 1728 4162 στεφθεῖσα
1774 4076 1941 4161 χλόα

564 4283 609 4354 ⁷)
650 4285 779 4340 Alia
824 4286 1082 4356 exempla
1117 4286 1389 4356 praebent
1425 4286 1716 4352 Matthiae,
1756 4286 1788 4353 ἓ
1825 4286 1928 4341 302
1940 4287 1995 4354 b,
2041 4304 2174 4341 ann.
2212 4287 2271 4341 et
2308 4285 2573 4356 Krueger‚
2613 4284 2733 4339 Att.

382 4373 437 4429 S.
476 4377 508 4436 ἓ
547 4374 632 4440 64,
676 4375 724 4440 1,
761 4378 797 4431 4
834 4376 892 4430 et
927 4375 1072 4430 Dial.
1113 4375 1272 4445 Synt.
1311 4374 1343 4441 ἓ
1380 4376 1465 4441 63,
1505 4376 1556 4431 2.

563 4479 607 4551 ⁸)
645 4481 845 4552 Itaque
881 4500 994 4537 non
1032 4500 1169 4553 opus
1207 4484 1286 4537 est
1338 4483 1730 4539 emendatione
1768 4482 2115 4538 Mommsenii
2150 4478 2242 4533 οὐκ
2279 4479 2588 4555 ὲχείμανθεν.
