3226 5028
1609 251 1689 314 10

461 446 644 513 Pind.
694 447 810 534 Py.
857 448 911 529 I,
962 450 1066 514 17.
1118 498 1133 514 .
1185 498 1200 513 .
1251 497 1265 512 .
1315 458 1417 513 νῦν
1464 471 1530 531 γε
1579 451 1702 535 μὰν

960 560 1059 620 ταί
1107 550 1322 640 θ’ῦπὲρ
1371 553 1596 641 Κὺμας
1646 552 1959 640 ἁλιερκέες
2009 553 2208 640 ὄχθαι

957 662 1208 728 Σικελία
1272 656 1517 727 τἀῦτοῦ
1576 665 1767 735 πιέζει
1825 664 2047 746 στέρνα
2109 662 2487 747 λαχνάεντα.

462 804 646 869 Pind.
696 802 810 890 Py.
858 805 935 885 X,
984 806 1090 871 41.
1184 811 1349 870 νόσοι
1395 801 1589 869 δὀὔτε
1636 814 1833 893 γῆρας
1879 798 2211 889 οὐλόμενον
2256 807 2573 887 κέκραται.

457 927 693 996 Herod.
742 929 858 1010 ΙΙΙ,
912 929 1059 995 152.
1152 928 1305 995 ἑπτὰ
1351 929 1416 993 δε
1463 940 1671 1016 μηνῶν
1717 932 1822 995 καὶ
1869 925 2144 992 ἐνιαυτοῦ
2194 927 2652 1014 διεληλυθότος.

457 1053 625 1120 Plat.
673 1056 751 1121 de
797 1055 1043 1140 republ.
1093 1054 1222 1120 613
1274 1053 1343 1118 Ε.
1459 1058 1637 1128 ζῶντι
1701 1051 1786 1138 τῷ
1849 1054 2066 1138 δικαίῳ
2126 1056 2294 1137 παρὰ
2351 1056 2516 1116 θεῶν
2578 1074 2641 1115 τε
2700 1054 2807 1117 καὶ

455 1160 801 1248 ἀνθρώπων
850 1160 1043 1228 ἆθλοί
1088 1185 1150 1226 τε
1198 1165 1304 1228 καὶ
1352 1164 1565 1247 μισθοὶ
1610 1164 1717 1225 ’καὶ
1764 1160 1932 1246 δῶρα
1978 1164 2257 1242 γίγνεται.

456 1284 622 1351 Plat.
672 1285 839 1352 Tim.
894 1287 978 1351 82
1039 1284 1107 1352 C.
1212 1291 1436 1373 σάρκες
1503 1289 1613 1372 μὲν
1678 1288 1785 1351 καὶ
1840 1294 2023 1371 νεῦρα
2080 1283 2146 1359 ἐξ
2205 1283 2466 1371 αἵματος
2525 1282 2804 1366 γίγνεται.

455 1410 643 1476 Diod.
702 1410 826 1478 Sic.
887 1410 1030 1492 XX,
1099 1411 1203 1477 72.
1295 1411 1535 1498 δάκρυα
1607 1414 1717 1476 καὶ
1783 1411 2018 1499 δεήσεις
2091 1413 2198 1476 καὶ
2271 1412 2507 1499 θρῆνος
2580 1408 2805 1492 ἐγίνετο

454 1525 865 1609 συμφορητός.

453 1678 692 1757 Quodsi
767 1680 877 1746 hic
952 1681 1257 1745 vellemus
1330 1699 1588 1753 causam
1667 1676 1736 1741 in
1811 1675 2185 1742 notionibus
2257 1676 2412 1761 ipsis
2478 1697 2801 1760 quaerere,

456 1788 536 1852 ad
583 1787 1191 1871 interpretationem
1238 1785 1424 1852 valde
1457 1788 1825 1850 contortam
1857 1782 2356 1869 confugiendum
2398 1783 2583 1849 nobis
2615 1785 2801 1848 esset.

456 1929 544 1943 —
590 1892 1058 1960 Convertamus
1105 1892 1391 1959 animum
1437 1895 1729 1959 nostrum
1776 1890 1859 1957 ad
1887 1890 1974 1972 id,
2021 1890 2191 1975 quod
2218 1890 2601 1956 Eustathius
2639 1889 2721 1955 ad
2749 1914 2801 1969 τ,

454 1999 583 2067 337
657 2000 837 2068 dicit.
954 2000 1079 2068 Hic
1166 1999 1460 2067 nominat
1540 1998 1699 2064 illud
1778 2001 2033 2086 χλαῖναι
2106 2002 2213 2065 καὶ
2291 1997 2482 2086 ῥήγεα
2560 1998 2802 2087 ἤχθετο

452 2107 746 2176 Αἰολικὸν
811 2120 1031 2197 σχῆμα
1094 2112 1202 2176 καὶ
1256 2105 1566 2194 Δωρικόνς
1639 2104 1810 2190 apud
1869 2104 2214 2171 Pindarum
2276 2104 2435 2170 dicit
2490 2104 2803 2171 eiusmodi

451 2217 659 2281 multa
719 2238 854 2301 esse
911 2217 1221 2301 exempla,
1278 2213 1571 2280 Atticum
1628 2216 1849 2278 autem
1905 2211 2230 2278 hominem
2277 2198 2399 2277 vix‘
2429 2213 2526 2278 ita
2570 2212 2801 2291 dicere,

449 2322 557 2388 sed
646 2323 928 2412 ἤχθοντο
1011 2325 1276 2407 propter
1350 2323 1625 2409 χλαῖναι.
1745 2319 1954 2408 Supra
2026 2340 2176 2405 pag.
2245 2322 2285 2385 6
2359 2320 2489 2385 iam
2561 2319 2802 2386 conieci

449 2427 869 2494 Eustathium
936 2428 1039 2493 his
1102 2430 1315 2494 verbis
1383 2427 1639 2494 schema
1704 2425 2114 2493 Pindaricum
2177 2426 2562 2516 significare.
2666 2425 2802 2492 Alii

450 2538 705 2623 quidem
751 2537 1163 2623 grammatici
1208 2537 1444 2604 similia
1489 2537 1783 2621 exempla
1813 2537 2071 2603 nomine
2101 2534 2443 2602 schematis
2480 2533 2800 2602 Pindarici

451 2666 582 2710 non
627 2650 1004 2730 nuncupant
1051 2646 1117 2711 et
1161 2644 1546 2710 Eustathius
1587 2644 1724 2730 ipse
1767 2641 1836 2709 in
1875 2646 2031 2710 nota
2060 2642 2140 2708 ad
2172 2642 2221 2708 Γ
2251 2642 2401 2722 324,
2449 2665 2511 2728 p.
2556 2640 2710 2724 420,
2757 2646 2796 2707 6

449 2750 526 2818 de
573 2752 764 2819 huius
810 2752 933 2818 loci
979 2753 1211 2838 figura,
1269 2775 1431 2838 quae
1478 2756 1707 2839 ζεῦγμα
1755 2750 1837 2818 ab
1881 2751 2024 2816 aliis
2073 2750 2466 2830 nominatur,
2513 2751 2799 2833 loquitur

449 2881 653 2943 neque
718 2881 866 2926 vero
934 2859 1012 2925 de
1076 2859 1399 2927 schemate
1464 2858 1824 2924 Pindarico.
1938 2857 2176 2924 Putare
2241 2860 2458 2924 autem
2520 2879 2653 2922 non
2719 2856 2798 2922 de

448 2965 772 3032 schemate
832 2965 1015 3032 Pind.
1075 2967 1392 3052 cogitasse
1450 2967 1664 3047 illum,
1729 2965 1839 3031 sed
1896 2966 1974 3032 de
2035 2966 2163 3031 alio
2220 2964 2565 3043 schemate,
2626 2962 2796 3048 quod

449 3072 721 3138 Aeolum
768 3078 834 3139 et
863 3073 1270 3139 Doriensium
1315 3075 1403 3139 sit
1448 3076 1797 3161 proprium,
1844 3096 1977 3139 non
2023 3077 2263 3139 rectum
2315 3072 2476 3138 mihi
2522 3073 2794 3138 videtur.

445 3179 628 3257 Quod
674 3182 844 3246 enim
875 3181 1142 3247 verbum
1187 3181 1435 3246 nomini
1479 3182 1793 3269 singulari
1822 3183 1924 3247 vel
1950 3202 2097 3267 gen.
2133 3185 2344 3246 neutr.
2376 3180 2612 3266 plurali
2646 3201 2796 3264 pro-

448 3287 621 3353 ximo
651 3291 752 3353 est
797 3287 1364 3368 accommodatum,
1413 3288 1478 3354 id
1524 3292 1658 3354 tam
1706 3275 2014 3356 usitatum
2060 3293 2159 3355 est
2201 3286 2370 3371 apud
2402 3287 2673 3369 Atticos,
2722 3290 2796 3351 ut

448 3395 556 3459 vix
586 3394 966 3462 Eustathius
997 3396 1062 3460 id
1091 3396 1407 3481 imprimis
1436 3396 1744 3463 Aeolibus
1768 3400 1835 3463 et
1860 3396 2274 3462 Doriensibus
2298 3394 2583 3461 tribuere
2607 3396 2796 3477 potu-

450 3500 606 3579 erit3
654 3501 782 3567 huc
829 3501 1089 3584 accedit,
1139 3502 1309 3588 quod
1355 3505 1555 3569 etiam
1602 3505 1747 3570 aliis
1793 3504 1949 3570 locis
1996 3503 2164 3568 idem
2211 3504 2344 3569 sch.
2385 3501 2560 3568 Pind.
2610 3523 2793 3567 usum

448 3608 752 3676 Doricum
815 3609 1131 3676 nominat.
1242 3610 1488 3697 Opinor
1543 3611 1758 3697 potius
1813 3634 1955 3679 eum
2014 3611 2057 3676 l.
2115 3635 2169 3678 c.
2230 3610 2443 3675 minus
2502 3610 2794 3675 accurate

446 3738 792 3804 scripsisse.

624 3877 849 3944 Astius
904 3880 986 3945 ad
1044 3880 1212 3945 Plat.
1271 3878 1545 3947 Phaedr.
1603 3902 1666 3964 p.
1715 3879 1850 3944 370
1906 3880 2064 3946 dicit
2108 3880 2371 3946 verbum
2417 3882 2558 3944 tum
2606 3879 2791 3945 modo

444 3985 763 4072 singulari
828 3986 1114 4053 exhiberi
1183 4009 1469 4067 numero,
1533 3989 1588 4053 si
1655 3988 1756 4053 vel
1818 3988 2030 4072 plures
2093 3989 2164 4054 in
2199 3988 2597 4053 universum
2662 4010 2791 4053 non

444 4092 715 4159 definito
774 4115 1042 4160 numero
1102 4093 1343 4179 aliquid
1399 4094 1622 4161 dicant
1667 4095 1769 4160 vel
1814 4094 2080 4175 faciant,
2140 4099 2214 4159 ut
2259 4094 2595 4160 Demosth.
2644 4093 2788 4160 adV.

445 4198 723 4267 Androt.
774 4200 900 4267 704
948 4203 1169 4292 (supra
1203 4222 1353 4287 pag.
1386 4201 1485 4285 8);
1534 4203 1654 4283 vel,
1701 4204 1757 4267 si
1802 4203 2017 4287 plures
2063 4204 2165 4269 vel
2210 4201 2335 4267 duo
2366 4202 2791 4272 communiter

445 4307 823 4393 (collective)
869 4308 1113 4395 aliquid
1156 4308 1467 4375 facientes
1506 4310 1608 4376 vel
1649 4309 1936 4375 dicentes
1963 4309 2373 4388 inducantur,
2420 4312 2495 4376 ut
2522 4308 2602 4388 H,
2634 4308 2786 4388 386,

444 4413 517 4493 E,
567 4412 716 4496 703,
763 4414 843 4493 Π,
893 4416 1043 4481 844.
1136 4414 1229 4481 At
1274 4415 1450 4500 prior
1479 4415 1650 4482 Astii
1690 4418 1793 4482 lex
1829 4439 1908 4482 ex
1946 4417 2115 4483 falsa
2157 4416 2459 4502 opinione
2499 4416 2789 4501 profecta
