3226 5028
1676 285 1754 351 16

1167 485 1495 573 νάρθηκας
1541 481 1629 558 εἷς
1651 479 1894 569 ’ἱεροὺς,

1170 587 1402 678 ῥόμβου
1446 589 1885 679 θ’ἑλισσομένα

1165 700 1421 773 κὺκλιος
1468 698 1666 773 ἔνοσις
1712 695 1983 785 αἰθερία.

529 857 766 924 Vocem
846 858 1191 933 στολίδες
1272 857 1444 924 enim
1524 858 1631 926 hic
1711 856 1792 924 ad
1871 880 2063 924 unam
2143 859 2332 925 modo
2412 860 2655 924 vestem
2734 879 2879 941 per-

529 964 739 1032 tinere
805 986 841 1030 e
909 963 1321 1054 sequentibus
1396 962 1700 1030 subiectis
1775 966 2215 1051 singularibus
2233 1015 2248 1045 ‚
2320 988 2483 1051 quae
2555 963 2637 1030 ad
2712 963 2879 1029 idem

529 1071 971 1157 praedicatum
1017 1074 1270 1138 δῦναται
1311 1070 1666 1157 pertinent,
1712 1071 2004 1160 intellegi
2035 1066 2280 1158 potest3
2320 1072 2378 1138 si
2405 1073 2680 1147 στολίδες
2708 1093 2878 1137 com-

530 1180 745 1265 plures
781 1180 996 1268 essent
1025 1180 1253 1260 vestcS,
1292 1179 1752 1273 concinnitatis
1780 1201 1975 1246 causa
2001 1181 2191 1268 χλόαι
2218 1183 2286 1245 et
2313 1178 2540 1256 ἐνόσεις
2570 1180 2880 1264 scriptum

530 1308 663 1353 esse
692 1286 989 1353 deberet.
1081 1285 1368 1352 Eandem
1416 1288 1499 1352 ob
1546 1307 1806 1353 causam
1854 1286 1924 1351 in
1969 1285 2034 1351 h.
2083 1287 2151 1352 in
2196 1284 2337 1352 Ger.
2387 1285 2517 1379 2739

709 1430 939 1504 ξανθαὶ
984 1430 1050 1494 δὲ
1094 1436 1339 1516 κόμαι
1382 1434 1896 1518 κατενήνοθεν
1944 1429 2150 1517 ὤμους

534 1532 798 1640 verbum
861 1572 1190 1658 singulare
1253 1571 1848 1649 adhibetu13nam
1910 1579 2102 1659 κόμαι
2164 1594 2364 1638 unam
2427 1571 2617 1637 modo
2676 1571 2881 1657 sigui-‘-

532 1680 730 1747 ficant
775 1680 1109 1747 notionem
1154 1679 1374 1766 capilli
1420 1682 1488 1746 et
1532 1681 1669 1745 eius
1716 1679 1972 1765 quidem
2019 1681 2209 1746 unius
2253 1701 2567 1781 personae
2613 1672 2879 1755 Cererisss

534 1786 733 1854 Notio
773 1786 1122 1872 singularis
1167 1786 1435 1853 subiecti
1466 1787 1664 1853 etiam
1705 1782 1874 1853 inest
1912 1786 1982 1852 in
2010 1787 2397 1874 fragmento,
2446 1788 2613 1871 quod
2633 1774 2882 1851 Lesbo-³

533 1917 660 1965 nax
717 1894 793 1960 de
839 1894 948 1979 fig.
1010 1893 1137 1959 184
1172 1892 1411 1973 Valck„
1462 1894 1683 1960 affert.
1733 1894 2003 1983 διήγεται
2048 1898 2273 1978 σάρκες
2321 1891 2532 1978 (Pind.
2578 1893 2706 1978 frg.
2750 1860 2881 1957 286

536 2000 816 2081 Boeckh‚
857 2000 989 2066 230
1034 2001 1255 2088 Bergk
1268 2001 1355 2085 3);
1397 2001 1624 2067 deinde
1671 2007 1739 2067 in
1779 2000 1907 2085 frg.
1953 2000 2166 2084 adesp.
2213 2004 2381 2093 trag.
2430 1999 2556 2064 153
2598 1989 2884 2084 (Nauck)

618 2210 624 2218 ,
711 2143 906 2232 ἦλθεν
952 2146 1024 2209 δὲ
1070 2146 1215 2210 λαοὶ
1259 2152 1460 2232 μυρίοι
1509 2149 1660 2229 πρὸς
1708 2141 1867 2231 ᾐόνα

533 2292 624 2373 eti
663 2289 731 2353 in
791 2285 955 2352 Plat.
1017 2310 1222 2375 symp.
1269 2310 1332 2373 p.
1396 2285 1523 2352 188
1581 2285 1659 2352 B.
1707 2290 1814 2353 καὶ
1858 2289 1973 2371 γὰρ
2020 2290 2257 2373 πάχναι
2302 2289 2410 2351 καὶ
2453 2266 2732 2373 χάλαζαι
2778 2290 2885 2352 καὶ

535 2393 810 2481 ἐροσίβαι
866 2393 939 2460 ἐκ
993 2395 1345 2469 πλεονεξίας
1403 2398 1512 2460 καὶ
1571 2392 1879 2479 ἀκοσμίας
1932 2396 2069 2478 περὶ
2129 2392 2548 2481 ἄλληλατῶν
2596 2396 2882 2459 τοιοὺτων

537 2503 743 2585 γίγνε
765 2526 885 2568 ται
933 2501 1257 2590 ἐρωτικῶν.
1278 2502 1333 2586 9)
1422 2500 1594 2578 Quae
1643 2500 1814 2566 enim
1860 2498 1967 2566 hic
2011 2503 2409 2592 usurpantur
2455 2500 2717 2567 nomina
2756 2500 2883 2593 col·i

537 2609 791 2690 lectiva,
837 2632 914 2675 ea
954 2610 1025 2674 in
1063 2609 1298 2695 plurali
1335 2629 1601 2674 numero
1634 2610 1983 2693 ponuntur,
2028 2612 2101 2673 ut
2128 2609 2311 2693 copia
2339 2607 2653 2694 quaedam
2680 2608 2884 2693 signi=

536 2717 790 2796 ficetur3
855 2716 993 2806 sed,⁴
1051 2714 1221 2801 quod
1281 2717 1441 2781 haec
1503 2715 1687 2800 copia
1745 2715 1814 2778 in
1870 2735 2072 2781 unum
2127 2717 2459 2800 tamquam
2478 2715 2723 2796 flocum
2785 2716 2884 2780 est

537 2827 933 2904 coacervata,
981 2823 1183 2889 etiam
1228 2824 1501 2907 possunt
1544 2820 1712 2887 sumi
1757 2842 1874 2907 pro
1918 2821 2185 2887 notione
2232 2819 2569 2910 singulari.
2659 2819 2883 2886 Potuit

537 2951 788 3015 quoque
826 2952 1015 2996 sensu
1052 2951 1182 2996 non
1224 2931 1476 2995 mutato
1515 2950 1634 3013 pro
1671 2932 1916 3014 σάρκες,
1961 2933 2217 3017 πάχναι,
2265 2931 2563 3016 χάλαζαι,
2610 2910 2884 3014 ἐροσίβαι

537 3037 887 3123 singularis
933 3059 1235 3104 numerus
1302 3036 1612 3103 adhiberi.
1708 3035 2011 3112 Quamvis
2067 3058 2219 3103 vero
2265 3057 2381 3120 pro
2427 3037 2572 3101 λαοὶ
2589 3036 2667 3120 10)
2714 3034 2882 3112 idem

539 3144 680 3209 fieri
736 3166 867 3210 non
922 3143 1162 3230 possit,
1219 3146 1440 3210 tamen
1498 3143 1699 3209 etiam
1756 3143 1907 3208 huic
1960 3142 2211 3209 nomini
2256 3143 2488 3228 plurali
2537 3135 2885 3227 singularis

538 3251 636 3316 vis
691 3250 943 3328 subest;
1004 3273 1156 3316 nam
1214 3251 1490 3334 primum
1548 3250 1654 3315 hic
1712 3249 2129 3337 cogitandum
2187 3253 2288 3315 est
2343 3249 2420 3317 de
2464 3247 2886 3344 multitudiue

535 3356 811 3443 quadam
874 3356 1334 3424 innumerabili
1398 3358 1464 3422 in
1527 3379 1724 3423 unum
1788 3356 2048 3422 turbam
2115 3358 2365 3448 coacta3
2432 3356 2662 3423 deinde
2729 3355 2883 3428 con-,2

537 3464 707 3548 feras
753 3462 834 3542 N,
883 3461 1034 3529 495.
1112 3462 1220 3539 Ὡς
1260 3463 1354 3528 ἴδε
1399 3466 1569 3530 λαῶν
1617 3465 1803 3541 ἔθνος
1832 3463 2254 3552 ἐπισπόμενον,
2300 3462 2503 3529 Arist.
2546 3486 2681 3546 ran.
2729 3461 2881 3554 2193

537 3570 572 3638 ὁ
628 3573 1150 3658 κραιπαλόκωμος
1196 3619 1212 3635 .
1260 3620 1277 3636 .
1315 3619 1341 3636 .
1398 3572 1598 3637 λαῶν’
1630 3572 1853 3660 ὄχλος,
1911 3570 2041 3637 ibd.
2100 3570 2251 3646 679.
2328 3576 2430 3637 τὸν
2485 3572 2675 3637 πολὺν
2738 3619 2752 3635 .
2801 3619 2817 3635 .

718 3818 764 3889 ⁹)
800 3820 975 3888 Quem
1022 3820 1205 3876 locum
1254 3818 1445 3875 Aetius
1488 3819 1922 3892 interpretatur:
1959 3819 2209 3898 ‘Pi-uina,
2249 3821 2456 3893 glacies
2492 3821 2706 3893 grando
2744 3821 2799 3876 h.
2837 3836 2884 3876 c.

539 3910 816 3982 quidquid
851 3909 1220 3981 perniciosum
1256 3909 1355 3976 est,
1392 3909 1642 3965 nascitur
1676 3928 1743 3967 ex
1779 3928 1966 3968 amore
2000 3903 2395 3983 intemperato,
2431 3911 2514 3968 ita
2552 3912 2619 3967 ut
2642 3910 2744 3966 illa
2773 3910 2884 3965 tria

537 4001 786 4057 subiecta
831 4000 993 4055 unius
1041 4000 1200 4070 quasi
1245 4017 1379 4071 prae
1426 4017 1483 4055 se
1529 3999 1717 4056 ferant
1753 4000 1998 4055 notionis
2034 3998 2183 4056 vim'.
2256 4001 2333 4056 At
2369 4000 2452 4056 vis
2489 3998 2789 4070 singularis
2823 3998 2886 4053 in

535 4089 770 4161 sing-ulis
805 4089 917 4145 iam
942 4089 1089 4145 inest
1111 4088 1387 4155 subiectis,
1412 4090 1478 4144 ut
1502 4088 1671 4145 etiam
1698 4106 1799 4146 nos
1823 4089 2083 4147 dicimus:
2119 4090 2321 4160 Hagel,
2348 4090 2456 4157 Eis,
2482 4089 2627 4156 Reif,
2652 4081 2884 4144 Plcisch.

720 4196 788 4266 ¹⁰)
826 4196 1091 4268 Sumptus
1127 4198 1212 4253 est
1246 4196 1338 4252 hic
1373 4197 1525 4253 locus
1560 4215 1626 4253 ex
1662 4195 2041 4253 Herodiani
2087 4195 2195 4267 περὶ
2233 4194 2546 4266 σολοικισμοῦ
2580 4197 2642 4252 in
2678 4196 2885 4251 Anecd:

539 4284 707 4345 Bois&
744 4287 839 4355 III,
877 4306 929 4359 p.
968 4287 1100 4343 244:
1135 4285 1192 4338 τὸ
1229 4282 1283 4338 δὲ
1314 4283 1656 4358 πληθυντικὸν
1697 4292 1770 4359 τῷ
1792 4285 1938 4357 ἑνικῷ
1962 4285 2212 4356 συναφθὲν
2235 4283 2516 4357 ἀσχημονεῖ
2540 4303 2553 4316 ·
2578 4281 2780 4358 ἦλθεν
2799 4323 2812 4336 .
2835 4322 2847 4336 .
2870 4322 2883 4335 .

539 4374 695 4449 ᾐόνα
733 4396 746 4409 ·
783 4375 1109 4449 πληθυντικῷ
1145 4376 1243 4447 γὰρ
1280 4373 1609 4448 ἐπιφερομένῳ
1633 4382 1705 4448 τῷ
1728 4373 1876 4429 λαοὶ
1911 4372 2127 4447 μυρίοι
2151 4371 2529 4446 ἔδεισονῆφθοιι
2551 4372 2885 4447 πληθυντικὸν

538 4467 594 4520 τὸ
630 4463 801 4543 ὴλθο
812 4485 852 4529 ν,
889 4463 1001 4538 οὐχὶ
1038 4459 1266 4542 ἦλθεν.
1342 4466 1421 4522 De
1458 4466 1731 4537 singulari
1768 4465 1946 4538 igitur
1981 4463 2137 4524 verbi
2172 4482 2403 4521 numero
2438 4468 2673 4528 constat.
