3226 5028
1677 271 1766 337 46

718 465 910 552 A'pud
956 465 1462 551 Xenophontem
1521 468 1720 533 etiam
1779 468 1906 533 duo
1962 464 2087 533 loci
2133 469 2416 547 exstant,
2464 461 2585 534 ubi'
2620 466 2697 557 ἦν
2743 490 2890 534 eum

537 573 797 639 nomine
853 573 1092 658 plurali
1148 574 1557 640 coniunctum
1608 574 1895 640 videtur:
1941 573 2103 640 Xen.
2152 573 2298 658 Cyr.
2349 596 2490 658 exp.
2535 572 2664 659 IV,
2713 574 2776 651 6,
2826 575 2889 643 2.

538 679 740 769 ἡγεῖτο
806 676 1014 755 αι’)τοῖς
1082 679 1115 745 ὁ
1179 686 1524 770 κωμάρχης
1585 731 1862 747 .....
1920 685 2027 748 καὶ
2083 681 2203 770 ἤδη
2262 680 2391 769 τ’ἧν
2450 679 2514 746 ἐν
2574 694 2659 767 τῷ
2707 686 2887 768 τρίτῳ

538 791 828 874 σταθμῷ,
897 789 965 852 et
1019 787 1147 853 ibd.
1196 787 1307 867 VI,
1367 788 1430 867 2,
1494 788 1596 852 10.
1664 787 1739 877 ἦν
1796 784 2132 876 ὖπερήμισυ
2190 789 2294 854 τοῦ
2356 787 2552 854 ἄλλου
2597 791 2891 874 στρατευ-

538 917 730 982 ματος
764 893 1092 981 ιἈρκάδες
1149 900 1257 961 καὶ
1312 893 1587 983 Ἀχαιοί.
1683 894 1871 961 Sturz
1932 899 2172 974 autem,
2232 895 2356 961 lex.
2414 893 2578 961 Xen.
2629 895 2753 960 vol.
2801 894 2888 974 ΙΙ,

537 1024 600 1087 p.
647 1000 756 1083 47,
804 1002 937 1067 iam
982 1002 1176 1068 dixit:
1225 1002 1459 1068 ‘Possis
1505 1004 1702 1069 etiam
1748 1001 1824 1090 ἧν
1870 1002 1941 1067 in
1986 1001 2199 1086 priore
2246 1002 2385 1067 loeo
2427 1001 2509 1067 ad
2536 1007 2886 1090 κωμάρχην

537 1108 807 1197 referre,
866 1109 937 1175 in
992 1111 1200 1176 altero
1256 1109 1364 1175 ad.
1393 1104 1772 1198 ὖπερήμισυ,’
1829 1108 1999 1193 quod
2058 1111 2259 1175 etiam
2318 1109 2504 1176 nobis
2551 1110 2886 1194 probatur.

539 1214 765 1299 Altero
833 1216 975 1281 loeo
1042 1237 1145 1281 res
1213 1237 1346 1281 non
1416 1219 1744 1296 mutatur,
1812 1218 1867 1282 si
1931 1218 2316 1283 recentiores
2380 1217 2673 1283 scribunt
2740 1212 2889 1303 ὑπὲρ

537 1321 758 1410 ἥμισυ;
824 1344 976 1387 nam
1039 1320 1164 1388 hae
1229 1344 1412 1388 voees
1473 1346 1604 1388 una
1668 1325 2005 1407 tamquam
2063 1322 2504 1407 praedicativa
2562 1324 2743 1389 notio
2801 1322 2882 1388 ab

539 1432 802 1498 auctore
848 1429 1144 1513 intellegi
1189 1431 1560 1514 potuerunt.

1657 1695 1778 1766 vl.

718 1873 814 1939 De
906 1874 1259 1940 schemat
1274 1899 1308 1940 e
1394 1875 1492 1941 Al
1507 1897 1618 1941 em
1636 1877 1862 1941 anieo
1946 1877 2512 1960 grammaticorum
2603 1878 2888 1941 veterum

538 1978 699 2046 haee
715 1981 798 2062 28)
844 1983 1214 2051 testimonia
1262 1983 1616 2067 accepimus
1634 2005 1648 2047 :

719 2125 778 2189 1.
838 2123 1309 2205 Herodiani‚
1379 2129 1515 2211 περὶ
1582 2130 1952 2214 σχημάτων,
2013 2126 2235 2204 Walz‚
2306 2124 2473 2191 rhet.
2545 2148 2643 2213 gr.
2705 2123 2885 2204 VIII,

539 2231 690 2310 606,
753 2232 812 2297 7.
916 2230 1337 2318 Ἀλκμανικὸν
1396 2234 1462 2297 δὲ
1519 2238 1587 2298 τὸ
1649 2237 1914 2319 μεσάζον
1974 2238 2084 2321 τήν
2140 2231 2511 2323 ἐπαλλήλων
2571 2232 2887 2319 ὀνομάτων

537 2337 578 2426 ἢ
653 2337 944 2427 ῥημάτων
1019 2343 1195 2404 θέσιν
1262 2343 1707 2428 πληθυντικοῖς
1772 2339 1812 2428 ἢ
1878 2341 2105 2413 δυῖκοῐς
2173 2338 2462 2427 ὀνόμασιν
2528 2338 2569 2427 ἢ
2634 2336 2887 2426 ῥήμασι.

540 2442 836 2533 Τέσσαρα
885 2448 949 2510 δὲ
994 2451 1163 2533 παρὰ
1208 2459 1293 2534 τῷ
1341 2457 1563 2536 ποιητῇ
1613 2456 1885 2512 τοιαῦτα·

620 2567 774 2658 Ἧχι
820 2568 972 2657 ῥοάς
1018 2570 1256 2659 Σιμόεις
1303 2574 1721 2659 συμβάλλετον
1770 2570 1879 2660 ἠδὲ
1925 2571 2347 2660 Σκάμανδρος·

539 2699 667 2773 καὶ,

614 2799 829 2868 ’Ένθα
874 2808 983 2889 μὲν
1030 2802 1115 2879 εἰς
1162 2802 1512 2892 Ἀχέροντα
1558 2802 2041 2892 Πυριφλεγέθων
2088 2826 2151 2866 τε
2199 2800 2402 2889 ῥέουσι

550 2929 553 2930 ’
631 2905 927 2985 Κωκυτός
975 2930 1058 2976 τε·

539 3038 665 3112 καὶ,

495 3193 499 3198 .
629 3139 704 3206 Εἰ
751 3143 816 3207 δὲ
861 3140 920 3202 κ’
952 3139 1162 3232 Ἀρης
1209 3144 1449 3233 ἄρχωσι
1500 3149 1712 3233 μάχης
1758 3147 1866 3209 καὶ
1913 3141 2146 3227 Φοῖβος
2193 3140 2543 3208 Ἀπόλλων·

538 3270 664 3343 καὶ,

546 3457 552 3464 ἡ
627 3370 703 3437 Εἰ
750 3377 858 3459 μὲν
906 3373 983 3462 δὴ
1026 3376 1267 3460 θάρσος
1314 3397 1416 3461 μοι
1447 3371 1657 3462 Ἀρης
1703 3371 1974 3439 τ”ἔδοσαν
2019 3377 2125 3439 καὶ
2172 3372 2444 3464 Ἀθήνη.

539 3477 872 3554 Πλεονάζει
930 3481 995 3544 δὲ
1053 3489 1230 3546 τοῦτο
1287 3486 1355 3546 τὸ
1404 3492 1625 3569 σχῆμα
1676 3483 1821 3567 παρ’
1885 3478 2196 3567 Ἀλκμᾶνι
2253 3493 2338 3566 τῷ
2395 3477 2623 3567 λυρικῷ
2672 3499 2689 3516 ·
2738 3479 2885 3548 ὅθεν

538 3591 644 3654 καὶ
690 3585 1070 3674 Ἀλμανικὸν
1116 3586 1483 3674 ὠνόμασται.
1553 3584 1765 3662 Εὐθὺς
1810 3596 1953 3670 γοῦν
1999 3586 2062 3653 ἐν
2109 3598 2185 3673 τῇ
2232 3588 2484 3674 δευτέρα
2513 3586 2642 3674 ὠδῄ
2670 3593 2886 3675 παρεί-

535 3696 786 3781 ληπται.
878 3689 1148 3780 Κάστωρ
1206 3718 1273 3760 τε
1315 3698 1537 3763 πώλων
1583 3694 1793 3763 ὠκέων
1840 3695 2215 3782 δαμάντορες
2262 3691 2508 3761 ἱππόται
2553 3700 2732 3783 σοφοὶ
2777 3699 2885 3761 καὶ

537 3798 937 3891 Πολυδεύκης
982 3804 1224 3889 κυδρός.
2226 3790 2238 3799 ’

718 3941 780 4009 2.
804 3941 1367 4023 Lesbonactis,
1425 3949 1559 4031 περὶ
1605 3949 1943 4035 σχημάτων
1999 3968 2061 4031 p.
2109 3943 2237 4010 179
2291 3943 2517 4010 Valek.
2594 3944 2884 4033 Ἀλκμα-

539 4057 723 4120 νικόν·
788 4045 873 4127 ὥς
936 4057 1027 4133 τό,
1092 4049 1359 4117 Πλάτων
1422 4050 1850 4140 ἐπορευθησαν
1912 4056 2019 4119 καὶ
2073 4051 2532 4141 Ἀριστοτέλης.
2642 4052 2881 4119 Γίνεται

716 4263 790 4335 ²⁸)
832 4265 1049 4322 Omitto
1103 4261 1286 4321 Schol.
1342 4266 1401 4321 et
1457 4264 1739 4320 Eustathii
1792 4265 2110 4322 testimonia.
2166 4267 2241 4321 ad
2290 4264 2345 4332 Σ,
2403 4267 2533 4333 515,
2580 4283 2724 4337 quae
2768 4266 2880 4322 seh.

538 4354 923 4412 Alemanieum
971 4355 1200 4426 quidem
1248 4356 1705 4421 commemorant,
1752 4354 1812 4409 id
1857 4355 2037 4426 ipsum
2084 4356 2275 4410 tamen
2321 4373 2435 4410 non
2483 4358 2748 4422 tractant,
2787 4356 2882 4410 aed

535 4444 654 4501 eius
689 4444 868 4501 simile
902 4445 1138 4500 schema.
