3226 5028
1604 278 1684 342 12

461 472 542 539 de
587 474 832 556 republ,
865 473 941 553 V,
972 497 1033 559 p.
1066 473 1196 539 462
1227 473 1295 540 G.
1346 475 1506 541 ἔστι
1553 480 1664 562 μὲν
1712 498 1827 541 ποο
1873 481 1980 542 καὶ
2022 475 2084 540 ἐν
2126 485 2258 550 ταῖς
2302 474 2530 549 ἄλλαις
2561 475 2807 538 πόλεσιν

457 581 763 668 ἄρχοντές
820 594 882 645 τε
939 585 1045 648 καὶ
1101 582 1316 670 δῆμος,
1365 582 1528 647 ἔστι
1583 584 1650 647 δὲ
1695 588 1802 649 καὶ
1847 582 1910 648 ἐν
1960 577 2137 669 αὐτῇ.
2228 581 2697 668 Ηίο“ἄρχοντές
2745 603 2808 645 τε

459 692 569 754 καὶ
608 689 805 776 δῆμος
843 710 1040 754 unam
1077 692 1409 775 tamquam
1448 690 1779 756 notionem
1808 691 2178 774 exprimunt
2205 689 2299 754 rei
2327 687 2616 774 publicae
2651 687 2809 752 bene

460 794 873 876 constitutae,
933 796 1003 860 in
1059 818 1187 881 qua
1243 798 1540 882 regentes
1586 800 1655 863 et
1703 798 1993 881 populus,
2041 796 2152 882 qui
2199 796 2467 881 regitur,
2516 795 2610 858 ita
2655 798 2810 859 sunt

459 902 805 982 coniuncti,
851 905 928 967 ut
965 901 1238 969 seiuncti
1277 903 1549 989 cogitari
1582 927 1710 970 non
1753 904 2018 990 possint.
2034 904 2088 986 4)
2148 902 2289 967 Hoc
2318 900 2808 968 Platonivisum

459 1030 597 1074 esse
669 1008 854 1074 docet
929 1009 1055 1075 ἔστι
1130 1010 1479 1095 singularis
1555 1033 1860 1077 numerus
1923 1011 2160 1077 iterum
2222 1011 2292 1075 in
2356 1009 2565 1074 altera
2627 1010 2809 1094 parte

461 1116 787 1182 enuntiati
831 1119 1198 1201 usurpatus·
1230 1148 1237 1154 ·

638 1257 954 1345 Exempla
981 1281 1233 1344 quoque
1261 1259 1370 1325 hic
1396 1259 1948 1327 commemoranda
1976 1263 2166 1351 sunt,
2189 1259 2256 1323 in
2285 1259 2515 1342 quibus
2544 1257 2809 1351 verbum

460 1363 707 1430 nomini
752 1364 1069 1450 singulari
1115 1369 1466 1446 remotiori,
1516 1368 1618 1433 cui
1648 1371 1746 1434 est
1776 1366 2338 1444 accommodatum,
2386 1363 2686 1443 succedit,
2733 1368 2811 1429 ut

452 1471 624 1536 Xen.
673 1470 827 1557 Gyri
873 1471 1095 1555 exped.
1142 1472 1195 1552 Ι,
1249 1473 1352 1553 10,
1417 1477 1472 1539 1.
1523 1474 1901 1550 Βασιλεὺς
1948 1478 2055 1551 καὶ
2101 1470 2157 1539 οἱ
2204 1475 2311 1539 σὺν
2360 1468 2525 1557 αὐτῷ
2573 1472 2807 1538 διώκων

461 1575 835 1644 εἰσπίπτει
891 1576 978 1655 εὶς
1037 1584 1104 1645 τὸ
1161 1583 1587 1667 στρατόπεδον.
1689 1582 2040 1661 Matthiae,
2101 1601 2200 1666 gr.
2257 1602 2355 1667 gr.
2405 1579 2434 1624 ³
2480 1580 2516 1662 ξ
2563 1577 2696 1642 304
2743 1583 2810 1644 ct

462 1685 777 1770 Krueger,
844 1684 988 1752 Att.
1040 1684 1103 1751 S.
1153 1688 1209 1770 5
1236 1688 1342 1768 64,
1404 1689 1466 1769 4,
1516 1689 1556 1753 2
1604 1692 1776 1755 recte
1824 1689 2144 1754 adnotant
2189 1688 2294 1754 hic
2341 1687 2626 1772 βασιλεὺς
2673 1707 2810 1751 esse

460 1791 817 1857 subiectum
893 1793 1290 1878 primarium.
1404 1794 1582 1861 Idem
1656 1794 2124 1880 quodammodo
2187 1796 2325 1861 loco
2389 1793 2657 1860 Homeri
2723 1791 2809 1869 Ψ,

461 1898 588 1964 381
639 1899 1032 1967 invenimus:

642 2074 656 2088 .
706 2074 720 2088 .
770 2074 784 2089 .
833 2031 1312 2115 μετάφρενον
1359 2024 1529 2114 εὐρέε
1576 2028 1782 2115 τ’ὤμω

637 2135 969 2218 θέρμετο
1017 2181 1032 2197 .
1080 2182 1095 2197 .
1145 2182 1159 2197 .

463 2254 572 2321 ubi
618 2279 750 2321 non
795 2255 985 2321 modo
1033 2264 1405 2348 μετάφρενον
1453 2260 1667 2344 priore
1712 2260 1852 2325 loco
1904 2259 2184 2343 positum
2224 2260 2292 2325 in
2330 2263 2545 2324 mente
2587 2262 2810 2342 po‘etae

461 2366 823 2454 praevalet,
884 2364 993 2429 sed
1054 2366 1249 2430 etiam
1307 2367 1455 2454 ὤμω
1514 2366 1768 2432 notioni
1826 2371 2198 2455 μετάφρενον
2256 2366 2579 2432 subiuncti
2636 2368 2807 2443 sunt,

463 2472 631 2556 quod
681 2471 885 2538 umeri
932 2495 1084 2558 pars
1130 2475 1303 2560 tergi
1349 2474 1598 2562 possint
1645 2474 1940 2561 cogitari.
2047 2473 2359 2540 Similiter
2406 2471 2477 2552 P,
2527 2472 2675 2539 386.

729 2621 764 2681 γ
777 2622 810 2664 ο
822 2603 857 2664 ὑ
873 2621 902 2663 ν
920 2623 959 2665 α
976 2623 1008 2664 τ
1022 2605 1064 2665 ά
1110 2623 1171 2664 τε
1218 2606 1452 2688 κνῆμαί
1499 2624 1562 2665 τε
1608 2601 1788 2675 πόδες
1836 2595 2235 2687 θ’ὖπένερθεν
2282 2599 2543 2668 ἑκάστου

732 2710 935 2793 χεῖρες
983 2706 1363 2796 τ’ὀφθαλμοί
1409 2731 1471 2772 τε
1518 2709 1669 2773 παλ
1684 2712 1773 2773 άσ
1789 2731 1912 2773 σετ
1926 2731 1959 2773 ο
2008 2757 2022 2771 .
2072 2756 2086 2772 .
2136 2757 2150 2771 .

461 2851 729 2929 γοῦνατα
777 2847 955 2914 verbi
1014 2849 1413 2936 singularem
1471 2873 1808 2917 numerum
1865 2852 2096 2916 effecit.
2203 2848 2321 2915 Cui
2369 2849 2463 2915 rei
2511 2848 2573 2913 id
2620 2849 2810 2913 modo

461 2959 804 3040 repugnat,
865 2957 1036 3040 quod
1095 2957 1204 3022 vix
1262 2961 1562 3023 neutrum
1622 2961 1890 3041 γοῦνατα
1948 2961 2255 3041 quattuor
2312 2958 2455 3023 aliis
2509 2955 2812 3022 subiectis

456 3061 822 3145 pluralibus
869 3064 1283 3148 sequentibus
1330 3064 1682 3148 quidquam
1729 3067 1809 3131 ad
1854 3064 2118 3131 verbum
2166 3064 2378 3128 valere
2417 3063 2642 3149 possit.
2720 3059 2812 3126 At

463 3168 623 3234 bene
663 3168 1032 3256 Grummius
1079 3171 1120 3235 l.
1164 3194 1217 3239 c.
1260 3191 1409 3256 pag.
1455 3172 1496 3236 4
1536 3193 1686 3236 ann.
1740 3171 1809 3236 1:
1884 3169 2064 3235 ‘Cum
2111 3171 2338 3254 primo,
2388 3170 2622 3254 inquit,
2669 3170 2810 3238 loco

460 3278 730 3356 γοὺνατα
777 3277 1058 3360 positum
1108 3281 1293 3355 esset,
1342 3277 1571 3344 deinde
1618 3282 1685 3344 et
1733 3278 2067 3344 masculini
2114 3281 2182 3342 et
2227 3277 2525 3342 feminini
2553 3275 2810 3362 generis

458 3380 863 3448 substantiva
919 3405 1055 3449 sese
1114 3384 1500 3469 exciperent,
1568 3385 1666 3449 ita
1723 3384 1893 3469 apud
1952 3385 2235 3450 animum
2294 3388 2522 3469 poetae
2580 3383 2808 3448 horum

464 3488 750 3553 omnium
809 3491 988 3574 quasi
1047 3513 1380 3558 commuue
1425 3512 1629 3577 genus
1675 3494 1974 3558 neutrum
2022 3489 2453 3576 praevalebat,
2512 3493 2604 3555 ut.
2632 3488 2809 3554 verbi

465 3595 740 3660 formam
798 3597 1186 3683 singularem
1234 3599 1587 3665 παλάσσετο
1635 3601 1943 3682 poneret?
2050 3597 2329 3664 Infitiari
2374 3597 2626 3682 quidem
2678 3617 2811 3660 non

465 3724 797 3785 possumus
861 3706 1031 3771 hanc
1094 3705 1344 3771 dicendi
1410 3707 1732 3772 rationem
1796 3704 1984 3772 valde
2048 3704 2425 3770 inusitatam
2489 3725 2660 3780 esse3
2727 3701 2809 3768 ad

459 3810 720 3877 schema
753 3809 1160 3879 Pindaricum
1192 3850 1274 3860 —
1315 3812 1382 3877 id
1413 3811 1583 3898 quod
1610 3811 1993 3878 Eustathius
2024 3813 2162 3876 vult
2192 3847 2278 3860 -—
2309 3832 2439 3877 non
2473 3809 2810 3876 referenda

462 3923 591 3999 est,
670 3920 849 3985 cuius
924 3942 1074 3985 mox
1156 3920 1520 3987 docebimus
1595 3941 1858 4004 prorsus
1926 3918 2122 3984 aliam
2185 3940 2438 3984 causam
2508 3940 2664 3984 esse.
2722 3952 2810 3964 —-

467 4026 584 4093 His
641 4027 799 4093 locis
858 4026 1151 4094 addimus
1207 4028 1375 4094 Plat.
1424 4026 1590 4094 Tim.
1639 4050 1702 4111 p.
1750 4028 1835 4092 45
1883 4025 1963 4091 Α.
2013 4027 2252 4113 σκέλη
2299 4030 2408 4112 μὲν
2456 4022 2561 4090 οὖν
2606 4030 2809 4112 χεῖρές

462 4158 530 4199 τε
593 4157 684 4221 πρ
700 4139 929 4224 οςέφο
992 4147 1196 4215 πᾶσιν,
1266 4134 1378 4200 ubi
1443 4138 1669 4202 auctor
1731 4132 2136 4218 praecedenti
2199 4135 2392 4221 σκέλη
2457 4134 2811 4199 commotus

461 4242 777 4329 singulari
823 4242 1032 4309 utitur
1076 4242 1256 4309 verbi
1301 4263 1587 4307 numero,

459 4491 469 4498 .
558 4447 583 4461 '·
639 4454 686 4524 4)
723 4456 806 4512 cf.
848 4414 1172 4512 Asfium'ad
1209 4456 1355 4511 Plat.
1394 4455 1627 4511 Phaedr.
1666 4474 1719 4526 p.
1757 4456 1881 4510 400.
