3226 5028
1571 287 1612 349 7

417 487 757 553 inveniret.
850 487 1310 553 Inconcinnum
1357 484 1849 574 (ἀκατάλληλον)
1906 506 2019 549 cur
2064 483 2151 548 sit
2195 482 2451 548 schema
2497 486 2565 548 et
2611 481 2769 549 Pin-

417 593 701 661 daricum
749 597 817 661 et
843 592 1100 679 generis
1145 592 1455 673 neutrius,
1503 592 1782 677 primum
1827 589 2053 656 docere
2084 587 2335 668 studet3
2384 588 2611 655 deinde
2657 612 2769 655 cur

416 702 760 768 schematis
806 699 1134 767 Pindarici
1179 720 1371 764 causa
1412 719 1546 765 non
1592 697 2040 783 perspiciatur,
2088 696 2296 762 fusius
2341 696 2625 781 exponit.

594 825 688 892 Ut
733 827 1015 903 afferam,
1064 824 1217 910 quid
1240 825 1632 890 recentiores
1655 821 2073 909 grammatici
2095 820 2174 885 de
2199 842 2394 888 causa
2419 820 2768 888 schematis

419 932 741 999 Pindarici
770 932 1108 1011 senserint,
1155 930 1314 996 levis
1342 933 1443 996 est
1470 930 1688 1014 opinio
1716 928 2014 996 Dorvillii
2050 927 2130 994 ad
2159 927 2409 995 Charit.
2456 949 2605 1014 pag.
2635 926 2766 994 596

417 1039 572 1123 (565
622 1039 800 1124 Lips)
863 1061 902 1105 a
960 1060 1226 1105 numero
1280 1039 1362 1104 ad
1407 1060 1747 1103 numerum
1804 1039 2096 1102 auctores
2154 1036 2433 1121 optimos
2491 1036 2767 1103 transire

416 1146 847 1225 consuevisse3
935 1147 1097 1213 haec
1163 1145 1336 1212 enim
1409 1143 1591 1210 nobis
1666 1143 1931 1209 minime
2003 1146 2223 1228 potest
2296 1143 2606 1210 sufficere.
2677 1179 2767 1192 —

415 1253 476 1319 A
519 1254 840 1338 plerisque
886 1275 1095 1332 causa,
1155 1274 1268 1318 cur
1312 1253 1579 1318 verbum
1626 1251 1957 1339 singulare
2003 1250 2251 1316 nomini
2297 1250 2536 1336 plurali
2581 1253 2766 1316 ante-

413 1360 622 1440 cedat,
671 1361 942 1427 affertur
986 1360 1251 1426 verbum
1288 1360 1615 1445 singulare
1646 1359 1716 1423 in
1748 1359 1936 1424 initio
1967 1357 2291 1424 enuntiati
2319 1358 2600 1442 positum
2629 1379 2764 1423 esse

412 1469 667 1535 ratione
712 1490 847 1534 non
891 1467 1140 1547 habita,
1189 1466 1346 1552 quid
1391 1469 1458 1533 et
1485 1468 1678 1551 quale
1723 1469 2031 1552 sequatur
2057 1464 2445 1542 subiectum3
2493 1463 2764 1531 indicari

411 1575 613 1662 igitur
638 1578 972 1658 tamquam
999 1575 1197 1641 verbo
1219 1573 1629 1659 praecedenti
1657 1572 2034 1652 subiectum,
2063 1571 2234 1656 quod
2257 1570 2485 1638 deinde
2510 1570 2763 1639 demum

410 1682 771 1750 accuratius
817 1682 1242 1767 significetur.
1332 1680 1535 1746 Iidem
1581 1679 1907 1759 dubitant,
1955 1698 2112 1746 num
2140 1678 2404 1745 verbum
2431 1679 2762 1765 singulare

411 1790 661 1855 nomini
735 1789 971 1874 plurali
1043 1787 1376 1856 succedere
1446 1787 1732 1874 possit.2)
1779 1824 1867 1836 —
1916 1786 2137 1853 Astius
2217 1808 2368 1853 vero
2442 1787 2524 1852 ad
2594 1787 2761 1854 Plat-

411 1895 629 1982 Symp.
706 1919 770 1981 p.
846 1895 998 1976 241,
1081 1894 1354 1961 Phaedr.
1428 1916 1491 1979 p.
1566 1893 1720 1973 370,
1807 1896 1885 1960 de
1957 1894 2202 1979 republ.
2277 1916 2340 1979 p.
2408 1892 2542 1959 400
2603 1892 2763 1958 dicit

411 2024 669 2069 causam
754 2004 923 2069 hanc
1008 2024 1171 2084 esse,
1258 2002 1428 2088 quod
1513 2001 1926 2067 substantiva
2001 2022 2457 2085 saepenumero
2534 2001 2762 2067 collec-

408 2109 543 2174 tive
633 2112 961 2195 ponantur
1053 2110 1150 2175 ita
1164 2158 1182 2190 ,
1273 2110 1348 2174 ut
1430 2107 1780 2174 multitudo
1796 2157 1812 2188 ,
1909 2131 2073 2194 quae
2165 2109 2405 2193 plurali
2492 2130 2760 2174 numero

409 2218 807 2301 exprimitur,
854 2240 986 2283 una
1030 2216 1344 2304 singulari
1389 2215 1658 2282 notione
1704 2213 2157 2300 comprehendi
2202 2216 2426 2300 possit.
2515 2214 2759 2281 Eadem

407 2324 660 2391 videtur
748 2347 882 2391 esse
970 2323 1294 2391 sententia
1368 2324 1484 2408 Ty.
1559 2322 1994 2404 Mommsenii,
2082 2325 2194 2409 qui
2264 2325 2332 2389 in
2405 2322 2570 2389 libro
2642 2344 2757 2388 suo

404 2428 752 2496 ‘Pindaroff
798 2453 862 2517 p.
909 2430 995 2497 57
1039 2430 1198 2497 dicit
1242 2432 1310 2496 in
1352 2430 1648 2496 omnibus
1693 2430 1772 2496 iis
1802 2431 1960 2496 locis
1987 2452 2123 2497 non
2152 2433 2402 2497 mutata
2430 2431 2758 2496 sententia

407 2541 684 2626 supponi
748 2562 932 2626 posse
996 2539 1193 2605 etiam
1257 2539 1654 2625 singularem
1717 2562 2072 2606 numerum.
2088 2539 2144 2624 ³)
2253 2538 2372 2605 Cui
2436 2540 2757 2606 consentit

401 2646 828 2726 Erdmannus‚
886 2646 965 2712 de
1012 2646 1279 2712 Pindari
1325 2668 1443 2711 usu
1487 2648 1871 2731 syntacticO,
1918 2645 2104 2714 Halis
2155 2646 2348 2726 1867,
2396 2668 2543 2733 pag.
2576 2645 2637 2714 7.
2666 2682 2757 2695 -

405 2753 695 2837 Denique
728 2752 893 2819 Rud.
924 2752 1235 2819 Franzius
1262 2754 1306 2819 l.
1336 2776 1390 2820 c.
1438 2753 1612 2819 inter
1651 2756 2002 2820 sententias
2039 2748 2489 2821 controversas
2518 2755 2754 2820 thesim

404 2861 740 2945 proponit:
799 2861 1057 2928 schema
1102 2859 1512 2928 Pindaricum
1571 2862 1815 2927 nullam
1875 2862 2002 2928 nisi
2061 2861 2347 2928 studium
2401 2861 2755 2927 imitandae

404 2967 698 3033 neutrius
725 2970 1085 3034 structurae
1117 2990 1375 3034 causam
1407 2968 1662 3034 habere.
1739 2968 1959 3036 Simile
1987 2968 2293 3054 quiddam
2325 2970 2452 3035 iam
2483 2968 2753 3035 sensisse

402 3071 659 3139 videtur
704 3072 977 3140 Wolfius
1022 3075 1105 3141 ad
1152 3075 1305 3141 Hes.
1340 3074 1586 3161 Theog.
1636 3076 1798 3154 3213
1855 3079 1926 3144 at
1982 3098 2167 3141 usum
2227 3077 2439 3161 ipsum
2483 3098 2616 3143 non
2674 3098 2753 3143 ex

402 3183 643 3247 natura
687 3181 942 3267 generis
973 3182 1267 3248 neutrius
1298 3183 1493 3262 elicit,
1540 3181 1652 3250 sed
1679 3206 1756 3249 ex
1784 3186 2119 3268 poetarum
2147 3206 2440 3251 sermone
2466 3182 2752 3251 nondum

399 3290 739 3355 accuratae
804 3291 1271 3374 grammaticae
1344 3290 1596 3377 legibus
1673 3291 2007 3358 adstricto.
2118 3290 2314 3357 Cuius
2389 3291 2753 3357 sententiae

398 3396 612 3462 simile
676 3398 795 3476 est,
864 3398 1036 3481 quod
1093 3394 1475 3465 Schaeferus
1531 3397 1616 3463 ad
1670 3398 1841 3463 Plut.
1903 3400 2026 3463 vol.
2090 3396 2167 3479 V,
2237 3420 2301 3483 p.
2365 3397 2492 3463 142
2551 3396 2749 3464 dixitx

399 3503 553 3569 ‘sch.
584 3504 655 3570 P.
703 3526 738 3569 e
785 3504 1072 3589 reliquiis
1116 3526 1251 3572 esse
1279 3527 1502 3572 caseae
1531 3504 1921 3572 Graecorum
1965 3505 2250 3592 linguae,
2283 3527 2448 3590 quae
2474 3506 2751 3589 pluralia

400 3610 734 3676 nominum
795 3633 926 3678 non
984 3614 1174 3679 modo
1238 3613 1531 3679 neutrius
1595 3612 1871 3700 generiS,
1929 3611 2037 3678 sed
2096 3612 2385 3678 omnium
2441 3609 2748 3700 generum

399 3716 697 3805 iungeret
740 3717 1175 3804 singularibus
1222 3720 1472 3787 verbis'.
1565 3719 1659 3785 At
1700 3723 1971 3807 uterque
2002 3719 2303 3806 opinione
2334 3719 2496 3786 falsa
2523 3722 2749 3804 captus

397 3828 515 3903 est,
571 3826 906 3910 tamquam
963 3825 1172 3893 Attici
1227 3825 1483 3893 demum
1539 3826 1893 3894 ‘accuratae
1949 3825 2432 3913 grammaticae'
2492 3827 2749 3911 regulas

575 4074 621 4145 ²)
661 4075 746 4132 Cf.
782 4076 1076 4145 Matthiae,
1103 4094 1336 4149 gramm.
1363 4095 1446 4148 gr.
1474 4075 1500 4115 ³
1524 4079 1555 4145 ξ
1593 4077 1725 4143 303;
1763 4077 2048 4133 Hermann
2084 4078 2158 4133 ad
2196 4076 2363 4146 Soph.
2388 4076 2586 4132 Trach.
2612 4075 2743 4142 520;

394 4164 663 4236 Krueger‚
703 4165 823 4221 Att.
863 4165 918 4225 S.
955 4167 988 4234 ἓ
1014 4167 1100 4234 63,
1136 4167 1189 4221 4.
1215 4167 1277 4221 A.
1304 4167 1357 4234 4,
1393 4168 1538 4223 Dial.
1580 4167 1634 4223 S.
1661 4168 1694 4235 ἓ
1720 4168 1807 4233 63,
1831 4167 1898 4222 A.
1924 4168 1983 4232 43
2011 4167 2291 4233 Grumme,
2319 4166 2388 4221 de
2412 4166 2745 4222 lectionibus

392 4254 704 4310 Pindaricis
738 4272 918 4326 nuper
939 4272 977 4311 a
1001 4255 1064 4311 Τ.
1090 4256 1452 4312 Mommsenio
1489 4257 1740 4327 prolatis,
1766 4256 2054 4314 Bielefeld.
2095 4256 2250 4322 1866,
2278 4272 2407 4325 pag.
2437 4254 2499 4323 ·3,
2533 4257 2665 4314 adn.
2695 4257 2743 4312 1.

573 4377 623 4448 ⁸)
661 4377 744 4434 ef.
782 4380 954 4436 etiam
991 4380 1340 4438 Mommsenii
1362 4380 1507 4436 Ann.
1546 4382 1671 4436 crit.
1708 4383 1890 4453 suppl.
1936 4382 2009 4437 ad
2044 4380 2206 4436 Pind.
2243 4380 2330 4436 01.
2366 4381 2547 4437 Berol.
2587 4380 2741 4443 1864.

393 4487 447 4537 p.
484 4468 571 4537 34,
609 4485 776 4540 quem
811 4470 887 4525 ad
921 4470 1106 4527 locum
1143 4471 1335 4541 postca
1369 4470 1689 4526 redibimus.
