3226 5028
1519 258 1604 323 41

383 453 731 520 dialectum
776 454 1099 521 Laconum
1146 455 1443 520 imitatur
1489 453 1978 541 Aristophanes,
2026 454 2102 543 ἦν
2150 454 2418 522 tertiam
2463 455 2736 539 pluralis

344 581 725 652 -personam
782 584 918 627 esse
975 563 1313 628 malumus.
1373 599 1462 649 ·.···
1517 562 1782 639 Quibus.
1818 584 1900 627 ex
1953 560 2250 628 omnibus
2304 561 2498 627 rebus
2534 560 2731 626 'colli-

384 665 664 752 gendum
723 672 822 732 est
880 666 957 756 ἧν
1015 668 1324 752 pluralem
1384 691 1721 751 numerum
1768 668 1839 734 in
1883 670 2160 736 dialect-o
2204 667 2441 735 Dorica
2485 690 2621 734 esse
2665 671 2735 735 et

382 772 800 839 Eustathium
870 776 952 857 ad
1010 772 1081 850 P,
1132 773 1265 839 384
1332 797 1547 842 errore
1602 777 1992 842 commotum
2048 777 2219 843 locos
2278 775 2731 861 Epicharmeos

305 916 311 923 ·
388 879 469 944 ad
515 879 647 945 sch.
696 879 769 946 P.
814 879 1134 947 retulisse.
1151 881 1234 965 ²³)

558 1004 903 1081 Quaeritur
958 1010 1196 1085 autem,
1254 1006 1570 1092 quomodo
1627 1007 1749 1073 hoc
1805 1006 1880 1096 ἧν
1925 1009 2176 1093 plurale
2221 1008 2575 1074 formatum
2621 1009 2729 1074 sit.

385 1110 650 1176 Veteres
704 1113 836 1178 iam
891 1112 1077 1179 nobis
1134 1113 1350 1178 varios
1396 1103 1808 1180 formationis
1855 1112 2073 1182 modos
2120 1113 2551 1194 tradiderunt,
2598 1117 2729 1200 qui,

384 1240 772 1302 quamquam
847 1218 1038 1286 hodie
1115 1243 1247 1307 non
1311 1224 1582 1306 possunt
1654 1223 1900 1300 valere,
1965 1226 2185 1289 tamen
2248 1244 2380 1288 non
2443 1227 2735 1308 praeter·

385 1324 689 1390 mittendi
733 1330 907 1392 sunt.
999 1326 1098 1392 Ac
1141 1328 1422 1410 primum
1466 1327 1725 1412 quidem
1755 1327 2129 1395 Heraclides
2175 1352 2277 1414 ap.
2320 1328 2506 1395 Eust.
2553 1327 2635 1397 ad
2678 1331 2730 1407 ξ,
2771 1398 2776 1403 ,

386 1432 514 1497 212
581 1430 737 1498 dicit
800 1433 957 1523 ἦσαν
1023 1456 1103 1499 ex
1167 1434 1242 1524 ἦν
1313 1433 1630 1502 Hesiodeo
1697 1435 1795 1501 ita
1861 1437 2221 1523 profectum
2276 1458 2431 1517 esse,
2494 1439 2568 1500 ut
2635 1436 2729 1525 ἦν,

387 1562 548 1625 quae
592 1544 660 1604 et
705 1540 845 1625 ipsa
902 1541 1101 1606 tertia
1146 1563 1419 1627 persona
1465 1528 1735 1628 pluralis
1778 1544 1887 1624 sit,
1935 1543 2145 1609 literis
2190 1567 2227 1608 o
2273 1545 2341 1608 et
2387 1566 2430 1608 α
2474 1546 2731 1609 auctum

383 1646 500 1723 sit3
563 1648 669 1712 hic
726 1646 931 1733 igitur
987 1648 1062 1738 ἦν
1111 1649 1393 1724 ,ἱοτιιιοιη
1449 1651 1730 1734 priorem
1786 1672 1922 1716 esse
1965 1653 2204 1716 censet.
2222 1650 2304 1735 24)
2355 1686 2438 1697 —
2486 1648 2733 1715 Deinde

385 1752 790 1819 Herodianus
846 1754 1016 1840 apud
1072 1753 1580 1822 Choeroboscum
1636 1756 1796 1823 dicit
1849 1760 1925 1821 ut
1980 1758 2050 1822 in
2093 1756 2413 1844 singulari
2457 1756 2733 1841 primam

386 1864 454 1925 et
499 1860 759 1925 tertiam
806 1882 1146 1947 personam
1192 1863 1546 1943 concinere,
1595 1863 1689 1929 sic
1732 1865 1802 1929 in
1848 1863 2086 1949 plurali
2124 1861 2377 1929 easdem
2405 1884 2731 1947 personae,

384 1967 451 2032 id
515 1965 680 2052 quod
771 1968 1101 2035 existimat
1163 1969 1454 2035 sufficere
1518 1971 1600 2036 ad
1666 1971 1941 2037 formam
2005 1967 2471 2053 explicandam.
2592 1968 2736 2034 Hoc

383 2073 640 2159 quidem
686 2073 1104 2163 difficultates
1147 2099 1280 2144 non
1323 2078 1593 2157 auferre,
1642 2098 1831 2144 nemo
1860 2078 1979 2157 est,
2017 2076 2174 2161 quin
2205 2074 2441 2142 videat.
2471 2112 2542 2123 —
2566 2075 2734 2141 Tum

384 2179 822 2247 Choerobosco
884 2186 1144 2250 auctore
1200 2184 1477 2250 formam
1523 2184 1764 2250 tertiae
1812 2205 2119 2268 personae
2177 2182 2445 2268 pluralis
2488 2182 2553 2249 ἓν
2600 2205 2734 2248 esse

384 2310 637 2355 necesse
670 2295 817 2368 est,
876 2289 1046 2375 quod
1102 2312 1348 2374 semper
1404 2313 1521 2376 par
1577 2290 2013 2378 paenultimae
2059 2290 2348 2376 syllabae
2406 2289 2734 2375 participii

388 2395 695 2479 genetivi,
742 2394 903 2462 haec
950 2401 1165 2463 autem
1198 2398 1367 2473 ἔντος
1411 2398 1516 2464 sit.
1582 2398 1765 2475 Quod
1796 2419 1948 2463 vero
1973 2396 2038 2463 ἒν
2084 2419 2219 2463 una
2243 2396 2432 2464 modo
2478 2399 2733 2463 constet

310 2541 314 2554 ι
385 2503 654 2587 syllaba,
719 2526 883 2589 quae
948 2503 1169 2572 eadem
1223 2506 1454 2592 prima,
1521 2506 1940 2591 paenultima,
2007 2504 2239 2570 ultima
2297 2504 2416 2583 sit,
2481 2505 2732 2583 ratione

383 2609 607 2675 habita
663 2613 927 2694 primae,
976 2633 1142 2696 quae
1200 2612 1560 2699 imperfecti
1605 2635 1856 2698 semper
1901 2616 2321 2700 augmentum
2368 2614 2611 2689 teneat,
2658 2610 2732 2700 ἧν

386 2740 466 2783 ex
512 2719 574 2784 ἔν
620 2719 878 2785 exoriri.
926 2756 1015 2768 -
1060 2719 1513 2805 Moschopulus
1558 2720 1835 2805 denique
1880 2717 2103 2786 eadem
2149 2720 2478 2786 sententia
2522 2720 2733 2784 utitur

386 2846 461 2889 ac
516 2823 1022 2893 Choeroboscus:
1083 2849 1160 2893 ex
1216 2828 1385 2903 ἔντος
1442 2827 1788 2912 participio
1825 2826 2109 2902 ⁴elisione
2169 2826 2456 2911 syllabae
2512 2850 2616 2901 τος
2663 2830 2731 2892 et

387 2935 743 3017 augmento
788 2929 1072 3017 praefixo
1119 2939 1413 3000 exortum
1461 2957 1599 3000 esse
1645 2934 1739 3024 ἦν.
1830 2933 1973 2999 Hoc
2017 2933 2252 2998 mirum
2298 2932 2729 3017 participium,

384 3038 563 3103 cuius
620 3042 961 3125 genetivus
1020 3042 1190 3118 ἔντος
1246 3066 1382 3109 esse
1441 3041 1697 3122 dicitnr,
1745 3062 2058 3128 nusquam
2102 3038 2362 3125 quidem
2406 3039 2735 3105 invenitur

569 3250 643 3321 28)
681 3250 901 3310 Addere
937 3254 1078 3310 mihi
1115 3256 1298 3322 liceat,
1337 3274 1480 3326 quae
1516 3255 1843 3311 Eustathius
1879 3255 2046 3310 affert
2067 3255 2326 3325 exempla
2349 3253 2732 3325 Epicharmea,

388 3359 455 3397 ea
504 3342 859 3411 aliquantum
908 3346 1137 3400 confusa
1186 3361 1325 3413 esse;
1382 3348 1448 3400 ut
1493 3363 1560 3401 ex
1607 3345 1898 3400 Athenaeo
1943 3343 2090 3400 enim
2136 3343 2521 3415 intellegimus
2564 3337 2632 3414 ἦν
2678 3338 2732 3393 δὲ

382 3430 579 3502 νάρκαι,
626 3427 694 3504 ἦν
740 3430 793 3485 δὲ
843 3432 1069 3505 ζύγαιναι
1114 3453 1181 3491 ex
1227 3435 1341 3491 alio
1386 3436 1508 3491 loco
1557 3437 1688 3506 (frg.
1739 3434 1793 3503 1)
1832 3434 2057 3504 sumpta
2092 3449 2207 3489 esse
2245 3450 2415 3502 quam
2450 3426 2519 3503 ἦν
2553 3471 2569 3486 .
2608 3467 2623 3481 .
2662 3467 2675 3481 .
2714 3471 2730 3485 .

383 3520 962 3594 μακροκαμπυλαύχενες
997 3525 1056 3580 et
1099 3522 1330 3594 τέτρακές
1364 3541 1418 3574 τε
1454 3561 1468 3574 .
1508 3561 1521 3574 .
1562 3561 1575 3574 .
1618 3564 1630 3578 .
1668 3519 1980 3584 συκαλλίδες,
2017 3522 2115 3593 qui
2150 3522 2261 3577 duo
2298 3520 2408 3577 loci
2441 3517 2514 3576 ad
2556 3537 2732 3574 unum

383 3610 750 3667 inveniuntur
787 3612 983 3683 conexi
1018 3613 1171 3683 apud
1195 3613 1547 3670 Athenaeum
1587 3612 1718 3683 (frg.
1743 3613 1820 3682 5).
1880 3613 2080 3683 Itaque
2103 3612 2240 3667 ordo
2262 3610 2556 3667 verborum
2581 3608 2733 3680 apud

384 3699 736 3755 Eustathium
807 3702 1108 3757 mutandus
1174 3704 1258 3757 est
1311 3705 1369 3759 et
1423 3703 1804 3758 scribendum:
1858 3700 1946 3753 καὶ
1998 3698 2116 3771 παρ’
2177 3696 2493 3771 Ἐπιχάρμῳ,
2546 3692 2642 3771 ἦν,
2678 3696 2732 3750 8ae

382 3788 579 3860 νάρκαι,
615 3784 682 3861 ἦν
726 3787 780 3842 δὲ
824 3789 1066 3861 ζύγαιναι·
1111 3791 1216 3854 καὶ,
1262 3787 1329 3864 ἦν
1373 3789 1612 3862 δ’ἒρωδιοὶ
1648 3788 2245 3863 μακροκαμπυλαύχενες,
2280 3788 2511 3861 τέτρακές
2544 3806 2597 3840 τε
2631 3786 2730 3839 κτέ.

384 3879 551 3934 Error
585 3879 761 3935 facile
788 3897 887 3951 per
921 3879 1158 3937 scribam
1196 3881 1609 3952 permutatione
1644 3898 1900 3936 versuum
1937 3879 2127 3951 potuit
2161 3878 2455 3935 committi.

566 3983 637 4053 24)
674 3986 842 4042 Errat
886 3987 1164 4044 Matthiae
1221 3989 1254 4057 9
1290 3988 1412 4054 303,
1464 3989 1491 4042 1
1530 3987 1592 4043 in
1638 3986 2005 4043 adnotatione
2039 3986 2229 4044 dicens
2264 3985 2623 4042 Eustathium
2657 3986 2733 4041 ad

384 4074 429 4140 ξ,
485 4075 590 4129 212
642 4074 705 4129 in
757 4075 887 4141 illis,
945 4092 1090 4146 quae
1142 4077 1485 4133 antecedunt
1538 4078 1731 4131 nostro
1776 4093 1946 4146 supra
1992 4075 2324 4131 verbotenus
2367 4074 2547 4131 allato
2590 4075 2730 4139 loco,

384 4167 585 4235 putare
635 4163 781 4218 illud
834 4157 901 4235 ἦν
954 4181 1021 4220 ex
1068 4159 1165 4236 ἦον
1209 4165 1600 4221 abbreviatum
1650 4181 1794 4228 essez
1849 4181 1982 4219 nam
2027 4162 2351 4219 Eustathius
2398 4181 2523 4219 cum
2561 4163 2631 4219 de
2665 4158 2732 4234 ἦν

384 4253 591 4323 plurali
631 4254 809 4308 forma
845 4270 1122 4323 nusquam
1157 4253 1276 4324 ipse
1313 4253 1581 4323 loquitur,
1620 4254 1742 4309 tum
1778 4252 1881 4309 illo
1918 4255 2039 4309 loco
2076 4254 2146 4309 de
2181 4246 2248 4324 ἦν
2283 4251 2465 4324 prima
2498 4269 2731 4323 persona

384 4341 629 4408 disserit3
686 4342 823 4397 dicit
877 4342 1052 4397 enim:
1107 4340 1230 4395 ὅθεν
1284 4340 1393 4409 (ἀπ’
1436 4338 1534 4413 ἦα)
1580 4342 1638 4393 τὸ
1685 4337 1780 4413 ἧες
1825 4341 1913 4394 καὶ
1954 4337 2035 4413 ἦε·
2083 4341 2140 4393 τὸ
2186 4338 2240 4393 δὲ
2284 4334 2381 4413 ἧον
2416 4338 2493 4392 ἐπὶ
2537 4338 2731 4412 πρώτου

383 4429 643 4501 προσώπου
679 4429 919 4501 ἓξαιρέσει
952 4437 1039 4484 τοῦ
1075 4449 1104 4482 ο
1138 4427 1205 4504 ἦν
1242 4430 1474 4504 γίγνεται.
