3226 5028
1565 310 1607 375 3

590 508 653 573 4.
700 505 1264 586 LesbonacbiS,
1305 512 1440 594 περὶ
1480 513 1815 597 σχημάτων
1856 529 1915 592 p.
1951 506 2077 572 183
2108 506 2325 574 Valck.
2376 507 2760 597 [Θηβαϊκόψ]

412 614 537 680 ἔστι
583 615 650 678 δὲ
694 618 801 680 καὶ
847 612 1007 678 ἄλλο
1052 624 1272 702 σχῆμα
1318 613 1438 679 ἀπὸ
1470 613 1792 691 Βοιωτίας,
1841 616 1874 680 ὃ
1921 616 1996 703 δὴ
2043 620 2149 681 καὶ
2176 613 2541 702 Πινδαρικὸν
2586 618 2763 700 λέγε-

411 746 529 798 ται,
577 720 676 789 ὅτι
723 723 1024 795 πολλάκις
1072 717 1236 806 αῦτῳ
1283 727 1600 811 κέχρηται.
1704 721 1940 789 Γίνεται
1986 723 2051 786 δὲ
2098 718 2309 800 οὕτως,
2367 720 2764 789 Λακεδαι-

412 837 654 915 μόνιοι
718 831 1036 914 πολεμεῖ
1089 825 1567 917 Ἀθηναίοις
1638 826 2116 916 μελιῤῥόθων
2190 828 2511 895 δ’ἕπεται
2576 832 2764 896 πλό-

411 958 673 1022 καμοι,
742 934 868 1000 ἀντὶ
931 943 1035 999 τοῦ
1101 932 1363 1001 ἕπονται.
1468 934 1617 1013 Καὶ,
1683 937 2020 1024 διήγεται
2085 942 2397 1021 σάρκες,
2465 937 2594 1004 ἀντὶ
2656 947 2762 1003 τοῦ

412 1043 703 1129 διήγοντο.
780 1039 1092 1130 ’Όμηρος

589 1146 718 1213 Καὶ
763 1149 839 1236 δὴ
888 1147 1077 1233 δοῦρα
1122 1154 1351 1237 σέσηπε
1399 1161 1544 1216 νεῶν
1590 1153 1698 1216 καὶ
1743 1155 1985 1237 σπάρτα
2029 1153 2331 1229 λέλυνται,

413 1255 540 1322 ἀντὶ
584 1265 689 1321 τοῦ
738 1262 1091 1344 σεσήπασιν.

591 1364 652 1428 5.
701 1361 1137 1428 Eustathii
1185 1385 1409 1429 comm.

590 1493 648 1536 a.
697 1470 767 1534 in
814 1468 887 1548 A,
934 1471 1086 1549 438,
1135 1491 1198 1554 p.
1247 1471 1399 1550 494,
1448 1470 1554 1536 23.
1602 1471 1682 1536 R.
1758 1468 1846 1536 Τὸ
1894 1472 1980 1549 δέ,
2037 1470 2315 1555 γλῶσσ’
2362 1471 2760 1560 ἐμέμικτο,

411 1577 453 1666 ἢ
498 1580 929 1667 πληθυντικῶς
976 1582 1220 1666 νοητέον
1270 1577 1396 1644 ἀντὶ
1441 1587 1546 1644 τοῦ
1592 1580 1866 1661 γλῶσσαι
1913 1581 2139 1644 πολλαὶ
2186 1585 2544 1667 μεμιγμέναι
2583 1579 2759 1669 ἧσαν,

411 1683 496 1760 ὡς
552 1697 662 1773 τῆς
721 1688 785 1751 ἇὶ
837 1686 1171 1773 διφθόγγου
1218 1683 1636 1774 ἐκθλιβείσης,
1690 1684 1793 1752 ἵνα
1839 1685 1883 1771 ᾖ
1928 1691 1997 1751 τὸ
2042 1688 2295 1775 πλῆρες,
2355 1686 2445 1753 ὅτι
2490 1690 2763 1771 γλῶσσαι

410 1791 728 1880 ἐμέμικτο,
819 1791 1024 1858 ὁποῖον
1101 1790 1388 1879 ἀλλαχοῦ
1461 1800 1562 1869 τό,
1649 1805 1935 1882 κνῆμαι
2007 1796 2474 1872 παλάσσετο,
2546 1794 2760 1863 ’ἑνικοῦ

411 1897 685 1988 ῥήματος
753 1898 1128 1986 ἐπαγομένου
1193 1900 1587 1988 πληθυντικῷ
1654 1898 1935 1987 ὀνόματι,
2016 1901 2063 1988 ᾧ
2128 1904 2211 1991 δὴ·
2270 1909 2544 1991 σχήματι
2608 1906 2757 1969 πλε-

413 2010 611 2079 ονάζει
657 2007 925 2093 μάλιστα
972 2004 1004 2070 ὁ
1043 2002 1371 2092 Πίνδαρος,
1420 2005 1459 2095 ἢ
1501 2010 1606 2072 καὶ
1651 2006 1862 2083 ἄλλως
1902 2010 2066 2094 λόγῳ
2110 2015 2516 2098 προςηγορίας
2546 2006 2765 2086 ἑνικῶς

412 2110 644 2202 ῥητέον,
693 2114 945 2195 γλῶσσα
991 2111 1299 2200 ἐμέμικτο.

587 2219 648 2284 b.
697 2220 767 2283 in
813 2218 883 2298 P,
947 2221 1096 2298 384,
1156 2244 1216 2306 p.
1282 2219 1476 2300 1110,
1536 2217 1644 2286 51.
1748 2221 1877 2287 Καὶ
1934 2220 2051 2308 ὅρα
2098 2271 2112 2286 .
2161 2271 2177 2288 .
2227 2271 2241 2286 .
2290 2272 2304 2287 .
2352 2221 2437 2298 ὧς
2496 2221 2762 2312 ἐπήγαγε

407 2337 531 2402 τοῖς
578 2339 694 2393 τῶν
740 2328 1045 2415 διαφόρων
1091 2339 1273 2408 γενῶν
1318 2330 1755 2417 πληθυντικοῖς
1804 2328 2060 2416 ὀνόμασι
2101 2334 2167 2395 τὸ
2208 2332 2558 2396 παλάσσετο
2591 2328 2760 2419 ῥῆμα

409 2433 621 2502 ἑνικόν.
715 2432 845 2499 Καὶ
891 2439 1040 2524 φασὶ
1087 2433 1451 2522 Πινδαρικὸν
1497 2440 1563 2501 τὸ
1612 2447 1833 2526 σχῆμα
1879 2434 1935 2502 οἱ
1981 2438 2255 2516 παλαιοί,
2305 2434 2442 2526 οὐχ’
2482 2437 2571 2503 ὅτι
2609 2437 2760 2505 Πίν-

408 2543 594 2629 δαρος
656 2538 825 2628 εὗρεν
876 2538 1045 2620 αῦτό,
1103 2554 1213 2631 τῆς
1259 2547 1374 2629 γὰρ
1422 2541 1701 2633 Ὁμήρου
1749 2547 2114 2632 μεταλλείας
2161 2550 2268 2611 καὶ
2312 2554 2488 2612 τοῦτο
2534 2545 2760 2622 ἐκεῖνος

407 2649 746 2736 ἐκέρδανεν,
797 2648 1042 2715 ἀλλ’ὅτι
1089 2650 1514 2736 διαδεξάμενος
1562 2656 1669 2717 καὶ
1716 2655 2003 2741 ζηλώσας
2049 2660 2496 2741 κατεχρήσατο.
2574 2650 2759 2741 Ἔχει

407 2757 751 2846 δ’ἀιρορμὴν
816 2753 856 2844 ἡ
923 2757 1198 2831 σῦνταΕις
1262 2762 1330 2823 τὸ
1395 2760 1660 2840 γοῦνατα
1726 2755 2035 2845 οὐδέτερον
2100 2758 2184 2835 ὡς
2242 2765 2392 2845 πρὸς
2451 2755 2599 2825 αὐτὸ
2650 2765 2759 2848 μὲν

408 2862 740 2951 ἀσφάλτως
800 2862 1197 2941 ἀποδοθεῖσα,
1266 2863 1503 2930 ἐκεῖθεν
1561 2867 1628 2930 δὲ
1675 2865 1993 2949 ἀναλόγως
2041 2866 2160 2932 ἀπὸ
2207 2876 2409 2933 κοινοῦ
2458 2870 2758 2953 συμβιβα-ι-

409 2973 632 3059 ζομένη
696 2974 803 3037 καὶ
866 2975 1017 3055 πρὸς
1082 2973 1157 3035 τὰ
1221 2972 1409 3036 λοιπὰ
1473 2972 1578 3037 δῦο
1643 2978 1805 3061 γένη.
1911 2972 2040 3039 Καὶ
2096 2971 2209 3039 εἰσὶ
2269 2978 2375 3061 μὲν
2435 2978 2543 3041 καὶ
2588 2972 2757 3039 ἄλλα

406 3086 656 3143 τοιαῦτα
701 3072 1067 3165 εῦαιρόρμως
1113 3075 1306 3144 ἑνικὸν
1352 3075 1522 3166 ῥῆμα
1551 3085 1959 3147 συντάσσοντα
1986 3083 2420 3169 πληθυντικοῖς
2449 3081 2754 3169 ὀνόμασιν,

409 3181 522 3251 οῦκ
568 3182 747 3267 ὀλίγα
793 3184 859 3248 δὲ
905 3182 1074 3271 ὅμως
1113 3189 1220 3251 καὶ
1261 3184 1656 3271 ἀθεράπευτα
1693 3188 2014 3253 διαλέκτου
2055 3195 2240 3275 νόμῳ.
2332 3185 2619 3256 Τοιοῦτον
2649 3193 2756 3256 καὶ

403 3296 549 3381 παρ’
616 3291 882 3379 Ἡσιόδῳ
947 3300 1035 3370 τό,
1099 3305 1228 3382 τῆς
1292 3291 1453 3382 δ’ἧν
1510 3304 1716 3379 τρεῖς
1776 3296 2141 3384 κεφαλαί·
2205 3299 2313 3361 καὶ
2376 3295 2520 3382 παρ’
2583 3295 2756 3362 Ἐπιό

403 3406 649 3489 χάρμῳ,
730 3399 813 3489 ἧν
883 3399 1254 3487 δ’ἐρῳδιοὶ
1318 3404 2250 3490 μακροκαμπυλαῦχενες·
2318 3408 2447 3480 καί,
2527 3401 2611 3492 ἧν
2675 3404 2755 3467 δὲ

403 3511 707 3592 νάρκαι,
793 3506 878 3595 ἧν
951 3508 1027 3571 δὲ
1103 3510 1480 3589 ζὺγαιναι,
1573 3513 1934 3595 τέτρακές
2006 3534 2079 3575 τε
2152 3512 2754 3597 σπερματολόγοι
2801 3552 2804 3555 -

402 3613 741 3697 κάγλααὶ
788 3616 1268 3689 συκαλλίδες.
1364 3658 1368 3663 ·
1780 3621 1781 3624 ’

582 3743 635 3788 e.
684 3721 755 3785 in
804 3720 888 3800 Ψ,
938 3720 1088 3801 381,
1138 3744 1199 3805 p.
1252 3720 1445 3800 1306,
1492 3721 1600 3787 49.
1695 3720 1783 3788 Τὸ
1831 3723 1896 3787 δὲ
1941 3726 2210 3811 θέρμετο
2255 3729 2408 3810 πρὸς
2454 3730 2521 3789 τὸ
2566 3730 2753 3813 μετά-ε

408 3853 621 3919 φρενον
685 3829 939 3918 εἴρηται,
1000 3829 1151 3904 ἰ’σως
1206 3830 1273 3894 δὲ
1330 3834 1484 3915 πρὸς
1530 3835 1598 3895 τὸ
1646 3829 1815 3918 ὤμω,
1874 3827 2323 3917 Δωρικώτερον.
2435 3829 2640 3919 Δῆλον
2687 3833 2753 3896 δὲ

401 3936 491 4002 ὅτι
537 3936 746 4024 ὁμοῖον
792 3934 972 4004 εἰπεῖν
1018 3942 1385 4025 μετάφρενον
1429 3941 1534 4002 καὶ
1581 3936 1737 4023 ὦμοι
1782 3935 2216 4024 ἐθερμαίνοντο
2249 3936 2447 4004 ἵππων
2486 3937 2659 4025 πνοῇ.

579 4043 640 4110 d.
688 4045 758 4109 in
802 4068 862 4122 α,
908 4045 1059 4123 415,
1096 4066 1157 4128 p.
1193 4042 1385 4122 1427,
1416 4044 1477 4108 9.
1584 4041 1672 4108 Τὸ
1721 4044 1786 4108 δὲ
1831 4042 2013 4110 εἰπεῖν
2060 4042 2148 4110 ὅτι
2193 4050 2262 4111 τὸ
2309 4045 2491 4112 ἔλθοι
2535 4041 2751 4113 ταῦτόν

401 4148 527 4216 ἐστι
572 4163 677 4237 τῷ,
726 4152 970 4218 ἔλθοιεν
1017 4151 1292 4235 ἀγγελίαι
1334 4152 1574 4241 δηλαδή
1613 4175 1787 4229 τινες,
1833 4150 2119 4238 Πινδάρῳ
2167 4157 2275 4239 μὲν
2317 4157 2422 4219 καὶ
2461 4163 2585 4228 τοῖς
2615 4151 2750 4218 κατ’

400 4256 625 4324 ἐκεῖνον
672 4251 987 4343 δωρίζουσι
1036 4262 1312 4347 φιλεῖται.
1417 4255 1657 4325 Οὔκουν
1702 4259 1769 4323 δὲ
1814 4262 1920 4326 καὶ
1965 4256 2222 4346 Ὁμήρῳ
2268 4257 2320 4324 εἰ
2364 4263 2472 4326 καὶ
2528 4258 2590 4327 ἐν
2644 4260 2748 4346 τῷ,

399 4373 629 4447 γοῦνα
700 4368 829 4431 καὶ
902 4377 1186 4454 κνῆμαι
1250 4368 1721 4443 παλάσσετο,
1787 4364 1971 4455 ἤγουν
2016 4368 2404 4433 παλάσσοντο
2451 4372 2749 4434 τουτέστιν

399 4470 781 4562 ἐμολῦνοντο,
831 4483 1049 4562 σχῆμα
1093 4483 1360 4542 τοιοῦτον
1406 4471 1702 4560 Δωρικῶς
1748 4478 2246 4565 παρεμφαίνεται.

2375 4598 2429 4642 1..
