3226 5028
1490 286 1575 352 33

353 509 520 568 mur,
568 491 644 551 ut
691 488 985 572 putemus
1015 484 1387 570 Euripidem
1433 486 1474 550 l.
1504 507 1555 550 c.
1606 486 1886 552 δέδοκται
1913 485 2183 551 subiecti
2210 486 2426 552 sensui
2455 507 2704 551 accom-

351 593 662 660 modasse.
709 629 799 641 —-
845 591 1069 667 Πάθος
1116 595 1332 657 autem
1387 592 1633 676 dialogi
1677 594 1850 656 recte
1897 593 2194 677 augetur,
2239 591 2296 656 si
2339 591 2495 657 Eur.
2543 590 2701 657 Hec.

355 702 528 766 1000
574 699 918 764 lectionem
963 697 1325 764 Hermanni
1371 698 1478 782 (cf.
1512 696 1712 763 eiusd.
1743 697 1839 763 ed.
1872 720 1933 783 p.
1970 698 2125 782 111)
2169 698 2629 782 praeferimus:

438 804 594 873 (ΕΚ.
644 805 809 884 ἔστ’,
857 805 907 871 ὦ
954 808 1239 894 φιληθεὶς
1287 803 1371 880 ὡς
1418 807 1491 870 σὺ
1537 815 1638 872 νῦν
1685 803 1822 892 ἐμοὶ
1868 808 2049 894 φιλεῖ,

443 911 646 979 ΠΟΑ.
693 918 748 978 τί
795 911 1009 1001 χρῆμ’,
1057 910 1091 978 ὁ
1136 911 1299 999 κάμὲ
1343 916 1449 978 καὶ
1494 911 1651 978 τέκν’
1699 910 1919 979 εἰδέναι
1966 918 2166 1001 χρεώς.

441 1018 600 1086 (ΕΚ.
647 1028 878 1106 χρυσοῦ
925 1021 1190 1085 παλαιαὶ
1234 1017 1589 1106 Πριαμιδῶν
1633 1025 2097 1105 κατώρυχες.

353 1127 722 1212 Legebatur
788 1126 984 1210 vulgo
1044 1126 1199 1191 ἔστω
1261 1128 1547 1215 φιληθεὶς
1604 1124 1732 1192 κτὲ.
1824 1124 1949 1192 Sed
2014 1125 2154 1205 ἔστ’,
2221 1125 2270 1190 ὦ
2334 1126 2706 1210 praeferen-

355 1242 507 1300 dum
554 1255 688 1298 esse
735 1231 959 1298 docere
1004 1232 1167 1296 mihi
1194 1231 1451 1298 videtur
1478 1232 1945 1319 Polymestoris
1972 1233 2423 1318 interrogatio,
2471 1231 2706 1299 Sensus

355 1341 529 1407 enim
572 1340 699 1406 loci
757 1338 862 1404 hic
919 1342 1052 1405 est:
1108 1337 1395 1418 Hecuba,
1442 1361 1609 1426 quae
1666 1340 2168 1424 Polymestorem
2239 1341 2318 1405 de
2372 1339 2590 1425 aliqua
2636 1361 2706 1404 re

356 1448 694 1514 certiorem
765 1446 1021 1512 factura
1075 1450 1204 1525 est,
1263 1445 1528 1531 incipit:
1577 1446 1720 1528 ἔστ’,
1768 1446 1818 1512 ὦ
1879 1450 2165 1536 φιληθεὶς
2220 1446 2360 1524 κτὲ;
2420 1446 2529 1513 sed
2585 1446 2707 1511 ali·

355 1555 736 1639 quantisper
781 1552 1009 1618 deinde
1056 1556 1469 1618 cunctantem
1510 1556 1576 1618 et
1604 1553 2040 1620 haesitantem
2072 1553 2474 1637 Polymestor
2499 1554 2707 1620 inter·

355 1664 565 1747 rogat,
613 1682 935 1745 quaenam
980 1682 1084 1726 res
1112 1660 1225 1725 illa
1257 1661 1362 1725 sit.
1437 1659 1657 1745 Atque
1691 1660 1812 1727 hac
1837 1660 2354 1747 interrogatione
2383 1664 2707 1728 commota

355 1768 623 1835 Hecuba
668 1789 945 1853 pergens
990 1790 1124 1834 rem
1169 1767 1376 1851 ipsam
1419 1769 1704 1833 nuntiat.
1780 1766 2238 1851 Polymestoris
2266 1769 2481 1833 autem
2511 1767 2706 1832 verba

356 1897 548 1941 sensu
594 1896 855 1960 prorsus
902 1878 1214 1954 carerent,
1262 1872 1389 1938 nisi
1429 1874 1564 1939 eius
1605 1875 1858 1939 animus
1890 1894 2044 1941 voce
2073 1874 2197 1939 ἔστι
2224 1874 2357 1939 iam
2385 1874 2706 1940 excitatus

360 1984 547 2048 esset.
638 1980 863 2065 Neque
921 2003 1071 2047 vero
1129 1981 1478 2066 singularis
1534 1981 1717 2047 verbi
1761 2004 2067 2047 numerus
2114 1981 2240 2047 ἔστι
2287 1982 2705 2048 offensionem

359 2088 643 2173 praebet,
692 2086 861 2173 quod
903 2088 1201 2171 deinceps
1247 2086 1325 2151 de
1370 2108 1499 2153 uno
1543 2086 1732 2152 modo
1760 2086 2069 2156 thesauro
2099 2087 2366 2154 Hecuba
2396 2088 2704 2172 loquitur.

359 2232 447 2244 -—-
504 2196 825 2273 Quattuor
880 2195 1088 2281 igitur
1146 2194 1302 2261 locis
1358 2195 1491 2259 sch.
1540 2193 1725 2260 Pind.
1775 2194 1947 2281 apud
1991 2194 2369 2281 Euripidem
2414 2198 2707 2261 statuen-

359 2303 511 2368 dum
555 2304 655 2368 est
702 2305 769 2367 et
813 2300 972 2366 illud
1018 2300 1296 2385 quidem,
1344 2300 1515 2385 quod
1559 2323 1852 2367 severum
1899 2304 2326 2383 nominamuS,
2373 2302 2545 2388 quod
2572 2303 2706 2367 sin·

358 2410 603 2496 gularis
669 2408 938 2474 subiecti
1011 2408 1109 2473 vis
1173 2406 1360 2473 facile
1421 2407 1717 2493 intellegi
1775 2412 2022 2490 potest;
2082 2409 2240 2474 item
2294 2409 2424 2474 sch.
2491 2408 2562 2474 P.
2623 2408 2704 2474 ab

359 2521 621 2583 auctore
667 2518 795 2602 frg.
843 2516 1058 2600 adesp.
1114 2516 1241 2580 154
1286 2519 1354 2581 et
1400 2537 1439 2580 a
1469 2513 1782 2600 Sophocle
1813 2517 1883 2582 in
1911 2516 2143 2582 Trach.
2176 2519 2303 2582 520
2337 2517 2702 2584 adhibetur.

355 2623 600 2689 Contra
676 2623 759 2688 ab
824 2620 1143 2706 Aeschylo
1202 2623 1374 2688 inter
1436 2626 1661 2706 poetas
1723 2624 2010 2710 tragicos
2066 2625 2242 2690 solus
2303 2624 2704 2691 liberrimum

357 2730 615 2796 schema
659 2729 1026 2795 adhibuisse
1084 2729 1338 2796 videtur
1384 2732 1452 2794 et
1505 2728 1572 2794 id
1629 2730 1904 2814 quidem,
1965 2732 2177 2817 quoad
2234 2754 2407 2797 nunc
2451 2733 2704 2811 scimus,

360 2858 491 2901 uno
537 2838 699 2904 1000.

538 2942 906 3009 Platonis
964 2943 1097 3009 tria
1156 2945 1448 3029 exempla
1506 2945 1843 3010 attulimus
1902 2944 2078 3010 verbi
2124 2944 2476 3032 singularis
2521 2944 2705 3011 sche-

359 3052 556 3116 matis
618 3051 802 3117 Pind.
860 3050 1113 3117 ratione
1170 3073 1291 3135 pro
1349 3051 1584 3136 plurali
1641 3050 1943 3117 adhibiti:
2004 3050 2082 3117 de
2130 3052 2378 3136 republ.
2425 3050 2503 3133 V,
2551 3075 2704 3138 pag.

361 3160 489 3223 462
535 3157 590 3222 Ε
638 3160 806 3245 (pag.
860 3157 989 3242 12),
1037 3179 1241 3244 symp.
1290 3181 1353 3243 p.
1391 3157 1517 3223 188
1563 3157 1620 3222 Β
1667 3158 1756 3245 (p.
1803 3158 1932 3241 16),
1980 3159 2211 3243 quibus
2259 3159 2503 3225 duobus
2549 3159 2705 3226 locis

359 3266 866 3332 constructiones
928 3269 1090 3332 κατὰ
1152 3269 1381 3332 σὺνεσιν
1445 3266 1818 3352 perspicuae
1875 3268 2048 3346 sunt,
2115 3265 2222 3331 hic
2276 3266 2470 3332 verbo
2526 3270 2706 3351 post-

358 3372 589 3457 posito,
636 3372 729 3438 ibi
772 3373 1145 3456 praemisso,
1196 3371 1394 3458 Gorg.
1446 3371 1575 3437 100
1620 3371 1680 3436 D
1709 3374 1795 3459 (p.
1829 3373 1961 3454 20),
2009 3373 2122 3438 ubi
2168 3374 2294 3439 ἔστι
2340 3395 2484 3438 cum
2529 3372 2707 3439 duali

360 3481 724 3563 copulatum
781 3482 898 3545 est.
1003 3479 1172 3556 Quos
1229 3481 1398 3546 locos
1454 3479 1510 3545 si
1563 3500 2004 3564 comparamus
2069 3500 2214 3544 cum
2270 3479 2431 3560 illis,
2478 3480 2706 3564 quibus

364 3605 513 3670 pag.
576 3585 654 3648 11
718 3586 1212 3652 commemoravi
1267 3586 1600 3653 remotiori
1656 3586 1940 3653 subiecto
1987 3606 2133 3671 gen.
2180 3589 2395 3652 neutr.
2441 3587 2706 3652 verbum

359 3695 911 3771 accommodatum
971 3716 1135 3760 esse:
1203 3693 1392 3759 Plato
1450 3692 1712 3758 omnino
1773 3692 1896 3758 duo
1956 3692 2142 3758 modo
2208 3693 2402 3758 verba
2459 3693 2585 3759 ἔστι
2641 3696 2708 3759 et

365 3801 624 3885 γίγνεται
696 3823 841 3868 cum
915 3802 1112 3868 verbo
1186 3800 1424 3889 plurali
1497 3801 1627 3885 (vel
1695 3798 1894 3884 duali)
1963 3797 2367 3866 coniunxisse
2432 3799 2704 3866 videtur.

357 3906 540 3975 Haec
572 3908 884 3974 sermonis
911 3906 1224 3992 pedestris
1252 3907 1537 3973 universi
1566 3909 1671 3972 lex
1710 3905 1966 3972 videtur
1993 3928 2163 3985 esse3
2192 3930 2346 3973 nam
2374 3909 2442 3973 et
2468 3905 2624 3973 Her.
2650 3906 2703 3987 Ι,

362 4013 446 4077 16
503 4016 699 4098 atque
752 4012 910 4094 VII,
970 4016 1054 4080 34
1115 4017 1181 4080 et
1237 4014 1388 4080 Luc.
1450 4036 1545 4080 ev.
1604 4012 1718 4095 IX,
1779 4012 1865 4078 28
1923 4014 2145 4079 eadem
2191 4012 2464 4079 vidimus
2511 4013 2707 4079 verba

359 4120 487 4186 ἔστι
531 4124 598 4187 et
644 4120 877 4204 ἐγένετο
923 4121 1219 4188 adhiberi
1264 4142 1407 4188 cum
1450 4120 1712 4187 nomine
1759 4121 2018 4206 plurali,
2067 4121 2169 4186 cui
2213 4121 2309 4185 vis
2354 4120 2705 4205 singularis

361 4227 542 4307 insit,
590 4230 951 4295 coniuncta.
1043 4229 1187 4306 Qua
1240 4251 1309 4294 re
1364 4227 1664 4294 nonnulli
1709 4227 2119 4313 grammatici
2163 4229 2548 4293 recentiores
2593 4226 2709 4294 ad-

360 4333 702 4416 ducuntur,
767 4339 845 4399 ut
908 4333 1128 4401 dicant
1192 4333 1262 4400 in
1326 4334 1599 4401 dialecto
1656 4335 1881 4400 Attica
1941 4337 2204 4400 tantum
2268 4335 2395 4400 ἔστι
2453 4333 2548 4416 (et
2603 4333 2706 4422 ἧν)

359 4444 425 4506 et
470 4444 729 4525 γίγνεται
776 4464 922 4508 cum
967 4440 1225 4506 nomine
1270 4440 1505 4525 plurali
1552 4443 1856 4526 copulari.

2279 4564 2307 4605 s
