3226 5028
1634 243 1720 308 38

490 444 743 526 parant,
801 441 935 508 sive
981 439 1059 505 de
1114 441 1252 507 loco
1310 440 1450 525 ipso
1495 442 1872 524 loquuntur,
1918 439 2291 525 aptissimus
2346 438 2507 504 mihi
2564 437 2837 517 videtur,

491 569 684 634 quem
729 547 1017 614 omnium
1063 545 1341 631 primum
1388 549 1686 613 tractem.

674 688 1094 755 Grammatici
1156 691 1405 755 veteres
1465 691 1638 755 inter
1696 711 1761 754 se
1817 687 2242 765 dissentiunt3
2311 688 2447 768 alii,
2506 691 2582 753 ut
2637 687 2843 755 Hera-

492 797 710 877 clides,
759 796 937 862 cuius
983 796 1440 862 auctoritatem
1482 794 1871 860 Eustathius
1916 794 2000 860 ad
2048 796 2117 874 Ρ,
2164 794 2296 860 384
2346 799 2414 861 et
2466 794 2843 880 Anonymus

491 906 674 988 sequi
719 902 1039 981 videntur,
1087 900 1163 990 ἦν
1209 901 1369 967 illud
1414 901 1802 968 Hesiodeum
1845 902 2176 987 singulare
2204 924 2341 968 esse
2368 905 2598 968 volunt
2626 902 2843 987 itaque

492 1010 626 1078 sch.
661 1010 733 1077 P.
780 1011 1103 1090 statuunt,
1154 1009 1286 1088 alii,
1333 1013 1410 1075 ut
1456 1007 1933 1075 Choeroboscus
1981 1012 2048 1074 et
2093 1031 2238 1075 cum
2271 1031 2347 1074 eo
2377 1008 2843 1095 MoschopuloS,

491 1118 761 1184 tertiam
825 1139 1168 1203 personam
1233 1116 1501 1203 pluralis
1560 1116 1632 1205 ἧν
1681 1138 1817 1181 esse
1864 1115 2281 1183 contendunt.
2385 1116 2666 1182 Dubium
2722 1119 2844 1195 est,

501 1229 724 1292 utrum
770 1224 971 1291 schol.
1019 1224 1103 1289 ad
1142 1222 1336 1310 Soph.
1387 1223 1617 1290 Trach.
1668 1223 1797 1288 518
1845 1222 1920 1311 ἧν
1969 1223 2100 1290 ἀντὶ
2156 1234 2260 1290 τοῦ
2307 1220 2582 1312 ὖπῆρχον
2630 1223 2846 1289 dicens

366 1348 370 1352 ’
499 1332 869 1418 significare
933 1331 1212 1397 voluerit
1268 1330 1343 1419 ἠν
1406 1332 1619 1414 ipsum
1682 1351 1815 1395 esse
1873 1330 2146 1396 formam
2209 1331 2525 1416 pluralem
2589 1354 2674 1395 an
2727 1353 2846 1419 pro

495 1439 737 1524 plurali
801 1460 937 1505 esse
1002 1437 1395 1516 adhibitum3
1473 1438 1697 1522 itaque
1777 1436 1942 1502 nihil
2022 1437 2186 1503 certi
2248 1462 2327 1503 ex
2399 1437 2590 1503 huius
2661 1436 2848 1502 scho-

493 1545 728 1615 liastae
801 1544 1174 1611 testimonio
1250 1547 1468 1629 potest
1540 1546 1704 1610 elici.
1816 1542 2219 1610 Herodianus
2297 1544 2420 1610 sibi
2482 1567 2848 1631 repugnare

494 1651 769 1718 videtur.
895 1643 1196 1717 Constat
1231 1652 1403 1718 enim
1464 1654 1534 1718 in
1598 1653 1783 1731 libro,
1850 1651 1962 1735 qui
2017 1657 2153 1739 περὶ
2221 1658 2558 1741 σχημάτων
2622 1652 2851 1717 inscri-

495 1760 693 1839 bitur,
758 1759 801 1824 1.
850 1781 903 1825 c.
962 1761 1195 1845 putare
1258 1759 1444 1824 illum
1510 1758 1584 1847 ἧν
1655 1758 1987 1844 singulare
2044 1780 2179 1824 esse
2234 1758 2406 1844 apud
2462 1758 2848 1836 Hesiodum;

496 1888 650 1934 nam
713 1868 846 1933 sch.
911 1863 1096 1932 Pind.
1173 1864 1279 1931 hic
1349 1866 1601 1931 statuit.
1701 1863 1944 1931 Contra
2016 1866 2086 1929 in
2158 1866 2258 1945 iis,
2335 1888 2511 1950 quae.
2573 1865 2852 1932 Choero-

502 1973 730 2040 boscus
794 1995 872 2039 ex
935 1972 1103 2037 libro
1118 2019 1135 2051 ,
1201 1993 1391 2056 quem
1454 1971 1533 2036 de
1596 1971 1671 2061 ἦν
1735 1971 1946 2036 forma
2002 1971 2409 2038 Herodianus
2427 1973 2508 2056 22)
2564 1972 2848 2056 scripsit,

501 2078 711 2161 affert,
760 2082 827 2145 et
871 2080 942 2144 in
988 2078 1154 2145 libro
1198 2103 1261 2146 π.
1295 2103 1359 2165 μ.
1390 2082 1447 2144 λ.
1478 2078 1552 2168 ἦν
1581 2077 1742 2142 illud
1771 2077 2124 2144 Hesiodum
2168 2079 2417 2165 plurale
2446 2101 2582 2145 esse
2610 2083 2850 2146 censet.

501 2189 679 2266 Quae
745 2186 1064 2272 quomodo
1129 2188 1199 2251 in
1261 2208 1456 2252 unam
1519 2184 1906 2270 redigantur
1968 2188 2388 2267 sententiam,
2458 2187 2634 2254 haud
2695 2189 2850 2254 sci0.

498 2295 807 2361 Fortasse
855 2297 1072 2361 autem
1120 2293 1341 2359 verba:
1386 2297 1495 2359 καὶ
1538 2295 1684 2378 παρ’
1733 2290 2016 2379 Ἡσιόδῳ,
2065 2304 2176 2382 τῆς
2216 2292 2348 2381 δ’ἧν
2375 2305 2532 2380 τρεῖς
2560 2295 2853 2383 κεφαλαί,

503 2405 585 2468 ab
643 2402 1107 2488 interpolatore
1167 2400 1463 2484 quodam,
1523 2399 1635 2484 qui
1692 2399 2058 2485 saepissime
2118 2401 2290 2466 hunc
2333 2402 2543 2465 locum
2590 2401 2672 2466 ad
2715 2404 2853 2468 sch.

500 2509 572 2576 P.
632 2508 862 2576 referri
921 2507 1118 2589 vidit,
1176 2508 1315 2574 loco
1371 2506 1523 2573 libri
1568 2510 1704 2593 περὶ
1750 2511 2087 2596 σχημάτων
2133 2509 2285 2573 sunt
2331 2507 2573 2576 addita.
2666 2509 2855 2587 Quod

500 2623 578 2684 ut
632 2639 750 2702 pro
807 2618 983 2682 certo
1038 2614 1406 2695 habeamus,
1466 2613 1666 2681 etiam
1727 2635 1800 2679 eo
1848 2616 2232 2680 commoveri
2278 2637 2632 2700 possumus,
2680 2618 2856 2702 quod

502 2723 931 2805 Herodianus,
988 2726 1124 2808 περὶ
1181 2719 1459 2811 Ἰλιακῆς
1517 2721 1882 2808 πρωσῳδίας
1928 2743 1989 2806 p.
2040 2722 2170 2787 223
2227 2722 2451 2803 Lehrs‚
2509 2727 2854 2809 postquam

504 2831 581 2898 de
662 2830 887 2897 formis
956 2828 1314 2915 pluralibus
1390 2829 1546 2907 ἔδον,
1617 2829 1764 2916 ἔφυν
1837 2828 2168 2911 disseruit,
2244 2831 2423 2895 illum
2493 2831 2702 2898 locum
2770 2832 2854 2896 iis

504 2937 825 3024 adiungit.

690 3061 1112 3129 Grammatici
1169 3061 1558 3126 recentiores
1618 3064 1684 3126 et
1728 3060 1852 3145 ipsi
1908 3061 2082 3127 inter
2127 3084 2192 3127 se
2241 3085 2373 3127 non
2419 3065 2853 3129 consentiunt.

504 3170 909 3237 Valckenaer
957 3168 1039 3234 ad
1083 3167 1239 3234 Her.
1274 3166 1354 3249 V,
1407 3167 1522 3245 12;
1564 3166 1949 3247 Buttmann,
1980 3167 2313 3234 Ausfuhrl.
2349 3191 2447 3255 gr.
2480 3168 2768 3255 Sprachl.
2796 3172 2852 3253 1,

504 3303 568 3365 p.
597 3276 750 3360 552,
798 3278 1029 3361 §1083
1076 3275 1394 3363 Krueger,
1437 3273 1519 3339 A.
1551 3274 1736 3359 Synt.
1785 3274 1957 3359 §43‚
2004 3277 2067 3355 4,
2114 3275 2159 3339 4
2204 3280 2272 3341 et
2317 3276 2396 3341 D.
2445 3275 2508 3342 S.
2558 3279 2594 3361 ἓ
2642 3277 2749 3357 63,
2777 3277 2852 3357 4;

505 3384 852 3463 Matthiae,
920 3384 957 3467 g
1022 3380 1174 3461 303,
1247 3382 1278 3446 1
1349 3383 1416 3447 et
1475 3379 1637 3461 2163
1707 3381 1841 3458 Jos.
1900 3381 2385 3464 Foerstemann,
2445 3383 2523 3451 de
2581 3384 2854 3451 dialecto

507 3490 844 3569 Hesiodea,
904 3487 1054 3553 diss.
1116 3487 1265 3554 Hal.
1329 3487 1523 3569 1863,
1583 3510 1733 3576 pag.
1781 3491 1899 3568 433
1966 3488 2251 3570 Wrobel,
2299 3493 2375 3557 de
2421 3492 2853 3571 anacoluthia,

508 3619 661 3687 pag.
708 3596 799 3662 44
846 3596 1198 3681 opinantur
1242 3594 1317 3685 ἦν
1362 3595 1752 3663 Hesiodeum
1797 3597 1940 3684 lege
1985 3596 2328 3664 schematis
2361 3597 2684 3664 Pindarici
2722 3600 2856 3664 sin-

506 3706 798 3793 gularem
843 3703 1118 3769 formam
1165 3725 1325 3769 esse.
1396 3701 1802 3770 Contrariam
1830 3704 1962 3770 fert
1994 3706 2387 3771 sententiam
2420 3687 2855 3792 Goettlingius

511 3812 595 3880 ad
655 3810 902 3897 Theog.
956 3808 1085 3875 183
1143 3811 1394 3895 plurale
1452 3833 1587 3878 esse
1645 3811 1718 3900 ἧν
1765 3810 2010 3890 dicens3
2071 3833 2259 3895 quem
2306 3812 2502 3878 etiam
2550 3812 2857 3878 recentis-

510 3919 655 3987 simi
699 3917 904 3985 secuti
948 3921 1102 3983 sunt
1145 3917 1473 3999 Kuehner,
1521 3919 1572 3999 I,
1623 3920 1660 4003 g
1706 3920 1856 4000 298,
1910 3920 1969 3997 13
2001 3917 2277 3998 AhrenS,
2308 3917 2387 3984 de
2414 3917 2566 3984 dial.
2598 3918 2854 3998 Dorica,

511 4050 574 4113 p.
623 4024 784 4104 226;
835 4022 1112 4106 Curtius,
1161 4025 1355 4092 Verb.
1402 4025 1455 4107 I,
1509 4025 1667 4105 1483
1717 4025 2081 4112 Westphal,
2129 4049 2227 4113 gr.
2274 4025 2727 4092 Formenlehre
2766 4025 2854 4105 II,

691 4239 767 4313 θ’)
822 4238 912 4295 Ad
966 4239 1203 4295 eundem
1260 4239 1466 4295 librum
1526 4241 1777 4311 spectare
1829 4240 2052 4297 videtur
2104 4240 2249 4297 illud
2302 4240 2606 4298 Herodiani
2658 4240 2855 4310 ipsius:

512 4329 618 4401 περὶ
673 4328 725 4383 δὲ
772 4335 875 4393 τοῦ,
921 4336 1038 4400 τῆς
1083 4323 1213 4399 δ’ἧν
1257 4333 1422 4399 τρεῖς
1469 4326 1779 4399 κεφαλαί,
1827 4327 1878 4381 ἐν
1922 4334 2024 4391 τοῖς
2067 4329 2176 4400 περὶ
2225 4329 2453 4403 ῥήματος
2489 4328 2691 4401 ἐροῦμεν
2729 4328 2859 4396 (περὶ

514 4417 729 4491 Ιλιακῆς
762 4416 1059 4490 προσῳδίας,
1096 4436 1151 4489 p.
1189 4418 1295 4474 223
1332 4418 1542 4488 Lehrs).
