3226 5028
1502 269 1582 336 31

362 470 629 554 linguae
684 463 925 534 natura
978 466 1452 552 proficiscitur?
1496 490 1501 494 ·
1554 466 1773 535 Unum
1829 471 2042 535 autem
2106 468 2465 553 exemplum
2520 462 2712 533 Dori-

363 569 512 642 cum'
570 573 761 642 modo
829 577 1121 659 superest
1182 576 1321 641 loco
1384 573 1812 653 Archimedis,
1876 595 2004 659 quo
2059 573 2382 640 liberrime
2445 574 2711 639 verbum

364 682 696 770 singulare
742 684 1128 766 usurpatum
1172 703 1307 749 esse
1350 671 1544 765 supra
1588 681 1935 747 docuimus,
2028 680 2179 748 Miri
2217 680 2523 765 quiddam
2552 681 2712 766 quin

363 788 469 856 hic
513 791 690 856 locus
735 787 993 867 habeat,
1040 787 1451 855 infitiandum
1493 809 1628 854 non
1671 791 1789 852 est.
1903 832 1909 839 -

543 895 670 961 Hic
729 896 909 962 locus
965 898 1062 961 est
1117 916 1424 979 quaerere
1440 944 1455 973 ,
1512 893 1831 979 quomodo
1889 894 1998 959 ille
2054 898 2248 979 poeta
2293 894 2449 980 ipse,
2499 918 2539 961 a
2584 917 2711 980 quo

365 1004 627 1069 schema
694 1025 924 1070 nomen
987 1002 1185 1083 ducit,
1252 1024 1328 1067 eo
1384 1024 1536 1068 usus
1598 1002 1706 1066 sit.
1801 999 2069 1068 Constat
2121 1000 2294 1068 hunc
2348 1003 2713 1086 saepissime

370 1108 628 1176 schema
694 1108 1078 1189 adhibuisse,
1145 1109 1483 1196 quinquies
1548 1111 1720 1174 enim
1786 1109 1854 1173 in
1920 1108 2211 1193 epiniciis
2274 1111 2547 1180 servatis
2611 1108 2709 1176 Ol.

371 1214 560 1297 VIII,
622 1217 695 1296 8,Γ
751 1215 834 1298 Χ,
893 1216 966 1294 4;
1016 1215 1109 1302 Py
1168 1215 1246 1295 X,
1311 1217 1413 1294 71,
1485 1215 1601 1296 ΙΧ,
1652 1214 1770 1292 32;
1817 1213 1979 1280 Isth.
2027 1212 2139 1294 IV,
2189 1215 2294 1294 57,
2358 1215 2598 1299 septies
2643 1217 2714 1280 in

371 1322 780 1408 fragmentis,
847 1343 1120 1406 quorum
1184 1322 1310 1388 duo
1375 1322 1624 1389 Lesbon
1632 1344 1713 1387 ax
1781 1322 1972 1389 affert
2028 1322 2181 1407 (frg.
2241 1320 2371 1386 286
2430 1320 2711 1403 Boeckh,

377 1429 509 1495 230
552 1428 816 1516 Bergk),
867 1451 1068 1494 unum
1112 1428 1524 1494 Herodianus
1570 1429 1721 1516 (frg.
1758 1431 1886 1495 265
1919 1428 2146 1508 Bckh.,
2193 1427 2326 1493 224
2355 1427 2583 1515 ng.);
2632 1428 2715 1495 ad

372 1558 537 1622 quae
600 1535 910 1602 accedunt
954 1535 1079 1622 frg.
1146 1533 1233 1603 45
1279 1535 1504 1616 Bckh.,
1570 1536 1657 1601 53
1717 1536 1886 1622 ng.
1945 1537 2074 1602 tria
2133 1537 2421 1622 exempla
2465 1539 2532 1601 et
2586 1538 2714 1623 frg.

370 1643 452 1709 ab
514 1642 805 1728 Hauptio
871 1644 911 1708 l.
965 1665 1017 1709 c.
1075 1643 1450 1709 restitutum
1507 1643 1660 1729 (frg.
1720 1644 1801 1710 16
1848 1642 2042 1729 ng).
2142 1641 2312 1709 Usus
2370 1643 2714 1709 schematis

367 1751 680 1818 latissime
766 1750 897 1817 iam
968 1753 1152 1837 patet
1224 1750 1395 1835 apud
1469 1750 1821 1815 Pindarum
1897 1752 2016 1830 ita,
2088 1755 2165 1815 ut
2237 1749 2351 1836 Py.
2424 1749 2550 1830 IX,
2627 1750 2713 1815 32

371 1862 439 1924 et
494 1856 620 1946 frg.
684 1856 817 1922 230
870 1856 1090 1944 Bergk
1148 1860 1234 1944 (ν.
1296 1880 1446 1945 pag.
1504 1857 1617 1942 26)
1672 1857 1865 1922 verbo
1923 1858 2294 1941 praemisso,
2357 1860 2716 1943 postposito

371 1964 567 2030 verbo
637 1962 737 2030 Ol.
803 1963 892 2044 X,
962 1969 1003 2031 4
1078 1968 1145 2032 et
1206 1964 1370 2030 Isth.
1436 1963 1548 2055 Ν,
1622 1965 1704 2029 57
1778 1962 2031 2028 schema
2086 1986 2405 2043 severum,
2464 1964 2716 2030 liberri-

371 2094 547 2137 mum
632 2074 847 2138 autem
930 2072 1056 2158 frg.
1145 2071 1229 2137 16
1308 2074 1375 2138 et
1458 2072 1588 2136 224
1676 2070 1897 2156 Bergk
1969 2071 2172 2136 statui
2248 2070 2472 2156 possit.
2593 2070 2717 2138 Sed

373 2182 532 2245 fines
601 2179 908 2264 quosdam
975 2179 1176 2246 etiam
1239 2202 1314 2246 eo
1385 2177 1705 2243 Pindarus
1777 2177 1902 2243 sibi
1966 2176 2376 2243 constituisse
2440 2176 2714 2259 videtur,

377 2283 547 2371 quod
609 2287 890 2373 exceptis
952 2287 1129 2366 locis,
1193 2286 1306 2351 ubi
1368 2286 1551 2352 notio
1609 2286 1960 2372 singularis
2015 2284 2284 2350 subiecti
2341 2284 2718 2371 planissima

377 2395 495 2474 est,
558 2396 635 2459 ut
698 2393 791 2480 Py
855 2392 968 2471 IX,
1037 2395 1144 2474 32,
1214 2392 1484 2459 subiecti
1547 2415 1853 2459 numerus
1920 2387 2216 2458 omnibus
2280 2392 2437 2458 locis
2504 2391 2718 2459 allatis

378 2499 882 2584 quoddammodo
928 2499 1301 2569 indefinitus
1348 2502 1464 2580 est,
1512 2514 1665 2567 cum·
1696 2500 1797 2567 vel
1843 2499 1920 2566 de
1949 2500 2137 2566 rebus
2167 2499 2513 2586 cogitetur,
2561 2523 2720 2586 qua·

377 2629 520 2673 rum
579 2611 791 2674 certus
851 2629 1154 2673 numerus
1210 2610 1442 2692 poetae
1487 2608 1773 2695 ignotus,
1820 2610 1896 2672 ut
1940 2607 2011 2672 in
2056 2608 2184 2694 frg.
2234 2605 2384 2689 239,
2430 2608 2559 2694 frg.
2614 2607 2717 2689 16,

374 2712 534 2781 Isth.
594 2713 707 2794 IV,
767 2712 877 2793 57,
934 2715 1035 2780 vel
1089 2714 1357 2780 minoris
1411 2714 1497 2779 sit
1550 2714 1880 2793 momenti,
1938 2717 2014 2780 ut
2070 2715 2137 2780 in'
2199 2714 2327 2800 frg.
2377 2717 2462 2780 53
2508 2714 2719 2781 tribus

374 2821 702 2905 exemplis,
761 2823 864 2887 vel
919 2843 1142 2888 sensus
1200 2821 1518 2907 generalis
1576 2823 1919 2888 enuntiato
1964 2820 2188 2902 subsit,
2248 2825 2324 2886 ut
2370 2825 2438 2888 et
2482 2821 2720 2907 plurali

376 2930 442 2993 et
486 2929 800 3013 singulari
847 2929 1052 3012 possit
1099 2928 1389 3012 exprimi,
1438 2932 1514 2992 ut
1559 2927 1658 2992 Ol.
1706 2926 1887 3009 VIII,
1937 2929 1977 2993 8
2023 2932 2092 2993 et
2136 2926 2215 3008 X,
2266 2928 2370 2994 71.
2443 2928 2719 2995 Pluralis

374 3034 581 3119 igitur
626 3056 931 3101 numerus
959 3036 1232 3102 subiecti
1262 3037 1572 3102 minorem
1599 3036 1731 3100 vim
1761 3034 1845 3103 ad
1872 3034 2052 3101 verbi
2078 3057 2415 3102 numerum
2447 3037 2717 3102 exercet.

375 3176 463 3189 —
533 3139 888 3207 Tentatum
969 3143 1225 3227 quidem
1303 3146 1403 3209 cst
1469 3144 1612 3210 aliis
1682 3164 1878 3228 quam
1946 3142 2166 3208 allatis
2233 3144 2390 3211 locis
2465 3143 2722 3210 schema

376 3246 560 3314 Pind.
619 3252 926 3317 statuere.
1029 3250 1128 3317 De
1174 3249 1274 3317 01.
1323 3250 1408 3332 11,
1457 3250 1565 3332 87,
1616 3249 1725 3315 ubi
1769 3249 2226 3318 Mommsenius
2269 3254 2557 3338 γαρύεται
2602 3272 2720 3338 pro

379 3359 667 3442 γαρύετον
723 3355 1000 3422 scribere
1056 3359 1219 3438 vult,
1275 3358 1402 3423 iam
1461 3378 1608 3443 pag.
1671 3355 1777 3438 25,
1840 3358 2119 3424 diximus
2167 3358 2447 3443 itemque
2495 3360 2573 3424 de
2618 3357 2718 3425 01.

375 3459 548 3540 xlv,
618 3461 723 3527 15.
831 3461 1048 3529 Etiam
1094 3462 1209 3548 Py.
1257 3462 1368 3545 IV,
1434 3464 1562 3529 246
1621 3464 2077 3532 Mommsenius
2132 3465 2292 3555 legit
2346 3468 2586 3533 τέλεσεν
2644 3466 2719 3530 ἃν

377 3568 470 3652 (id
514 3572 614 3638 est
672 3568 932 3653 navem)
990 3571 1224 3653 πλαγαὶ
1279 3572 1529 3658 σιδάρου
1587 3593 1706 3656 pro
1762 3575 2036 3639 τέλεσαν.
2138 3572 2415 3654 Pluralis
2469 3575 2721 3640 τέλεσαν

380 3681 617 3761 autem,
664 3700 852 3763 quem
901 3699 1121 3744 omnes
1168 3679 1304 3746 cdd.
1355 3679 1687 3763 praebent,
1733 3681 1951 3766 aptior
1996 3679 2159 3744 mihi
2185 3679 2469 3759 videtui-3
2516 3702 2722 3765 neque

377 3788 549 3852 enim
617 3786 766 3868 scio,
832 3786 1149 3871 quomodo
1213 3786 1321 3852 hic
1382 3788 1451 3853 in
1515 3790 1746 3870 πλαγαὶ
1811 3788 2062 3875 σιδάρου
2125 3789 2308 3853 notio
2376 3788 2721 3873 singularis

380 3894 597 3979 aliqua
642 3894 912 3981 reperiri
941 3895 1165 3979 possit.
1228 3893 1434 3961 Immo
1462 3895 1693 3979 opinor
1738 3895 1811 3959 in
1842 3896 2078 3980 plurali
2108 3895 2249 3979 ipso
2276 3895 2407 3960 vim
2435 3895 2720 3980 aliquam

378 4023 514 4067 esse
570 4001 974 4087 praecipuam
994 4050 1009 4080 ,
1058 4001 1227 4086 quod
1287 4003 1551 4088 repetiti
1608 4004 1767 4069 ferri
1824 4003 1990 4070 ictus
2038 4025 2268 4069 navem
2314 4001 2719 4088 perfecerint.

555 4108 901 4186 Quaeritur
946 4113 1187 4190 autem,
1234 4133 1362 4196 qua
1409 4109 1487 4176 de
1532 4133 1729 4177 causa
1774 4110 2086 4176 Pindarus
2131 4112 2497 4197 saepissime
2544 4108 2722 4176 sche-

379 4219 553 4281 mate
598 4238 750 4281 usus
777 4217 882 4282 sit.
975 4215 1078 4283 Ad
1126 4239 1385 4284 causam
1432 4215 1881 4283 inveniendam
1930 4218 2100 4282 viam
2147 4217 2331 4282 nobis
2376 4216 2722 4301 Dionysius

377 4321 995 4405 Halicarnassensis,
1056 4323 1134 4390 de
1192 4347 1395 4409 comp.
1455 4324 1630 4391 verb.
1679 4345 1826 4412 pag.
1878 4327 2005 4390 176
2023 4376 2038 4406 ,
2089 4327 2441 4405 monstrat,
2490 4326 2600 4409 qui
2645 4322 2723 4389 de

378 4434 639 4497 austera
725 4431 1186 4517 compositione
1204 4483 1219 4510 ,
1313 4453 1440 4516 qua
1525 4431 1839 4498 Pindarus
1927 4435 1992 4497 et
2075 4434 2210 4516 ipse
2282 4432 2519 4510 utitur,
2595 4429 2725 4496 Καὶ
