3226 5028
1664 259 1754 329 30

526 460 677 531 εἶναι
741 461 876 529 scil.
942 473 1192 551 σχῆμας
1260 459 1518 527 videtur
1585 460 1794 547 igitur
1860 460 1922 526 ei
1986 481 2087 526 res
2149 482 2280 526 non
2343 480 2604 547 prorsus
2675 459 2870 543 plana

524 593 683 649 esse,
747 572 965 654 itaque
1029 569 1282 636 cautius
1344 571 1588 651 λέγεται
1651 587 1870 633 vocem
1915 565 2197 633 adhibet.
2290 565 2470 634 Haec
2514 565 2871 633 Heraclidis

523 676 901 744 testimonia
914 725 930 756 ,
1003 700 1166 764 quae
1238 675 1584 741 veterrima
1661 673 1847 740 nobis
1909 676 2169 740 servata
2222 676 2395 740 sunt.
2458 673 2678 739 omitti
2738 695 2871 741 non

523 782 778 850 debent.
871 783 1100 867 Itaque
1156 782 1386 867 opinor
1431 779 1689 846 schema
1735 779 2126 848 Boeotorum
2171 802 2307 846 esse
2352 784 2602 848 veteres
2650 800 2871 866 gram-

526 891 796 957 maticos
840 893 1104 957 tantum
1149 911 1227 954 ex
1273 910 1392 953 usu
1440 886 1709 953 Pindari
1752 888 2102 975 collegisse.

621 1030 630 1037 ’
702 1032 919 1117 Atque
982 1054 1057 1098 eo
1070 1083 1087 1113 ,
1160 1030 1329 1116 quod
1394 1028 1662 1096 Pindari
1726 1029 2037 1096 dialectus
2101 1030 2448 1096 maximam
2515 1032 2767 1114 partem
2786 1030 2869 1114 19)

527 1138 819 1205 Dorica
863 1140 982 1220 cst,
1028 1135 1416 1204 Eustathius
1461 1138 1719 1202 videtur
1765 1136 2075 1203 adductus
2121 1159 2278 1217 esse,
2326 1140 2402 1200 ut
2428 1136 2559 1204 sch.
2592 1133 2869 1223 Δωρικὸν

521 1247 565 1312 l.
618 1267 672 1312 c.
740 1245 1141 1323 nominaret,
1207 1244 1505 1309 similiter
1559 1243 1643 1308 ad
1700 1241 1789 1323 Ψ,
1851 1241 1978 1308 381
2042 1240 2476 1330 Δωρικώτερον
2535 1246 2603 1309 et
2656 1242 2740 1311 ad
2801 1267 2867 1322 α,

521 1356 650 1419 415
698 1350 977 1440 Δορικῶς
1025 1351 1377 1432 adhiberet,
1425 1349 1655 1416 deinde
1702 1348 1782 1413 ad
1831 1374 1893 1429 α,
1942 1350 2072 1415 415
2103 1350 2299 1415 etiam
2326 1349 2566 1417 diceret
2591 1350 2870 1416 maxime

526 1484 567 1525 a
613 1460 891 1527 Pindaro
938 1462 1007 1524 et
1050 1467 1174 1534 τοῖς
1220 1460 1359 1525 κατ’
1409 1456 1635 1525 ἐκεῖνον
1683 1458 2001 1543 &capitanea
2046 1455 2303 1523 schema
2333 1458 2650 1541 usurpari.
2722 1455 2870 1522 Huc

521 1565 786 1646 accedit,
846 1565 1016 1653 quod
1070 1563 1451 1631 Eustathius
1507 1564 1696 1648 putet
1740 1562 2016 1629 formam
2062 1562 2137 1653 ἦν
2181 1563 2674 1648 Epicharmeam
2718 1587 2863 1630 cum

521 1674 757 1760 plurali
814 1674 1224 1742 coniunctam
1285 1669 1394 1756 (cf.
1427 1669 1510 1735 ad
1537 1667 1610 1750 P,
1642 1669 1797 1753 384)
1852 1670 2202 1756 singularis
2246 1693 2379 1737 esse
2422 1672 2695 1738 numeri.
2787 1671 2870 1736 In

521 1781 652 1846 illis
698 1779 954 1865 quidem
999 1777 1401 1865 fragmentis,
1450 1800 1618 1862 quae
1663 1799 1741 1842 ex
1788 1775 2055 1843 Pindari
2100 1779 2501 1844 aemulorum
2546 1778 2692 1864 (τῶν
2724 1777 2868 1845 κατ’

527 1886 753 1954 ἐκεῖνον
798 1886 1194 1975 δωριζόντων)
1252 1885 1551 1972 operibus
1598 1886 1680 1950 ad
1728 1907 1843 1951 nos
1889 1887 2340 1970 pervenerunt,
2388 1886 2634 1950 nullum
2679 1884 2867 1951 nobis

519 1998 739 2061 exstat
784 1995 1146 2080 exemplum
1192 1991 1539 2061 schematis
1571 1991 1779 2072 Pind.,
1826 1995 1902 2057 ut
1932 1991 2092 2057 certi
2123 1990 2471 2076 quidquam
2500 2014 2632 2059 non
2662 1991 2869 2079 possit

518 2103 740 2168 statui.
851 2099 1099 2168 Deinde
1160 2098 1533 2187 Epicharmi
1597 2099 1906 2183 exempla,
1971 2120 2135 2184 quae
2196 2098 2579 2167 Eustathius
2643 2099 2727 2168 ad
2790 2096 2865 2177 Ρ,

521 2206 653 2273 384
701 2208 911 2288 affert,
958 2229 1093 2274 non
1136 2206 1263 2271 huc
1307 2206 1631 2293 pertinere
1677 2227 1817 2289 cap.
1863 2203 1924 2269 V
1968 2205 2360 2301 docebimus3
2408 2204 2484 2295 ἦν
2528 2209 2700 2274 enim
2729 2228 2862 2273 non

517 2315 890 2401 singularis,
948 2313 1060 2380 sed
1105 2313 1374 2398 pluralis
1418 2314 1626 2379 forma
1672 2314 1792 2378 est.
1883 2310 2178 2397 Denique
2194 2319 2204 2327 ‘
2222 2334 2302 2377 ex
2348 2313 2494 2379 aliis
2540 2334 2866 2399 gramma-

515 2421 662 2486 ticis
708 2444 789 2486 ne
836 2443 1001 2486 unus
1037 2420 1293 2506 quidem
1334 2422 1794 2486 commemorat
1821 2419 2079 2486 schema
2104 2414 2521 2486 Doriensibus
2549 2421 2864 2487 usitatum

519 2551 677 2596 esse.
768 2528 1010 2607 Quibus
1067 2552 1145 2594 ex
1206 2529 1500 2620 omnibus
1563 2528 1755 2594 rebus
1817 2528 2107 2611 sequitur
2168 2526 2592 2595 Eustathium
2647 2550 2865 2594 errore

517 2634 708 2700 modo
773 2638 1164 2700 commotum
1228 2635 1487 2701 schema
1549 2631 1827 2721 Δωρικὸν
1897 2635 2279 2700 nominasse.
2370 2635 2603 2720 Itaque
2664 2636 2864 2700 etiam

522 2742 953 2807 recentiorum
1000 2740 1271 2808 diluitur
1316 2741 1887 2827 grammaticorum
1932 2741 2168 2826 opinio,
2214 2741 2326 2826 qui
2353 2741 2578 2807 dicunt
2604 2741 2864 2809 schema

523 2848 798 2914 maxime
851 2846 1271 2914 Doriensibus
1328 2848 1641 2913 usitatum
1686 2869 1840 2925 esse3
1902 2847 1984 2915 cf.
2040 2847 2487 2914 Hermannum
2536 2848 2619 2914 ad
2664 2847 2858 2933 Soph.

516 2953 748 3021 Trach.
808 2954 970 3036 520,
1030 2953 1346 3021 Matthiae
1402 2954 1433 2999 3
1477 2954 1515 3037 ἕ
1559 2952 1722 3032 303;
1784 2952 2155 3021 Fischerum
2212 2956 2295 3021 ad
2342 2954 2608 3022 Weller.
2652 2955 2772 3038 ΠΙ,
2821 2977 2861 3020 a

513 3084 578 3147 p.
637 3060 788 3126 345.
900 3060 1140 3139 Quodsi
1204 3059 1276 3125 hi
1341 3058 1425 3125 ad
1479 3062 1847 3147 opinionem
1909 3083 2094 3129 suam
2150 3060 2604 3130 stabiliendam
2661 3064 2859 3130 etiam

519 3169 804 3234 afferunt
849 3168 1020 3253 apud
1077 3164 1334 3233 Atticos
1390 3168 1765 3252 plerumque
1810 3168 1883 3233 in
1926 3170 2195 3235 canticis
2241 3168 2537 3236 adhiberi
2581 3172 2715 3237 sch.
2764 3169 2857 3250 P„

513 3296 835 3361 perpauca
892 3273 1081 3340 modo
1134 3295 1211 3339 ex
1268 3273 1541 3340 choricis
1586 3275 1852 3341 canticis
1898 3278 2189 3360 exempla
2232 3276 2421 3343 nobis
2465 3280 2628 3342 nota
2673 3279 2855 3354 sunt3

513 3387 672 3459 sunt
734 3382 908 3449 enim
963 3385 1225 3447 tantum
1282 3378 1514 3448 Aesch.
1573 3381 1748 3448 Pers.
1807 3380 1917 3463 50,
1974 3381 2130 3448 Eur.
2190 3382 2335 3450 Hel.
2386 3383 2583 3463 1358,
2630 3383 2860 3468 quibus

513 3487 874 3555 addendum
904 3494 1004 3555 est
1034 3487 1230 3574 Soph.
1260 3487 1495 3554 Trach.
1528 3486 1692 3568 5203
1740 3493 2075 3577 praeterea
2112 3489 2390 3557 fortasse
2418 3488 2576 3557 Eur.
2614 3489 2858 3557 Phoen.

513 3597 642 3661 349
687 3617 769 3661 ex
825 3596 1082 3663 cantico
1140 3594 1263 3661 ἀπὸ
1320 3607 1552 3685 σκηνῆς
1599 3601 1947 3681 sumptum,
2008 3596 2078 3661 in
2122 3618 2249 3681 quo
2294 3596 2539 3664 formae
2583 3596 2859 3664 Doricae

513 3703 949 3769 inveniuntur.
1024 3700 1176 3768 Alia
1221 3705 1439 3769 autem
1485 3705 1775 3788 exempla
1805 3702 2034 3769 Attica
2077 3726 2208 3770 non
2253 3727 2332 3772 ex
2375 3704 2572 3771 choro
2602 3709 2859 3791 sumpta

518 3811 816 3895 deinceps
861 3831 1297 3896 congeremus.
1390 3810 1627 3876 Parum
1674 3811 1881 3897 igitur
1924 3815 2098 3878 recte
2142 3812 2529 3880 recentiores
2573 3815 2859 3879 statuere

511 3918 789 3983 maxime
820 3916 1231 3982 Doriensium
1276 3917 1530 3982 schema
1568 3916 1981 3983 Pindaricum
2025 3919 2357 4004 proprium
2401 3941 2540 3985 esse
2567 3924 2854 4007 apparet.

510 4023 781 4089 Prorsus
828 4027 1047 4090 tamen
1089 4044 1333 4109 negare
1377 4023 1512 4090 sch.
1565 4023 1637 4090 P.
1686 4024 1759 4088 in
1801 4022 2077 4091 dialecto
2124 4023 2359 4091 Dorica
2403 4026 2683 4092 inveniri
2722 4048 2856 4092 non

507 4134 607 4196 est
665 4153 855 4216 opus;
912 4131 1138 4215 quidni
1195 4131 1357 4196 haec
1413 4130 1725 4196 dialectus
1782 4129 2038 4198 schema
2094 4130 2480 4214 adhibuerit,
2526 4132 2717 4220 „quod
2776 4155 2854 4198 ex
2906 4177 2913 4182 -

693 4344 762 4413 ¹⁹)
798 4344 881 4399 cf.
919 4344 1204 4400 Eustathii
1240 4360 1437 4398 comm.
1474 4343 1637 4399 Pind.
1672 4344 1847 4416 praef.
1886 4342 1919 4411 ἓ
1954 4343 1989 4397 8
1998 4366 2015 4411 3
2052 4362 2107 4415 p.
2145 4345 2233 4410 54,
2270 4344 2341 4399 93
2379 4343 2585 4414 (Tafel)
2623 4342 2727 4398 Καὶ
2750 4345 2856 4419 μὴν

509 4431 551 4485 εἰ
587 4434 674 4486 καὶ
713 4431 924 4505 Mtte,
962 4430 1057 4504 οὔχ
1091 4430 1278 4505 ἥκιστα
1312 4429 1366 4484 δὲ
1401 4432 1488 4485 καὶ
1525 4428 1747 4493 αἰολίζα.
1784 4435 1843 4489 et
1880 4432 1913 4501 ἓ
1949 4433 2036 4501 21,
2072 4452 2127 4505 p.
2163 4435 2250 4501 56,
2287 4435 2373 4492 98.
