3226 5028
1659 238 1750 306 20

518 440 586 506 et
628 439 800 506 Plat.
841 439 1038 539 Gorg.
1073 462 1134 525 p.
1165 436 1299 504 500
1326 439 1407 504 D.
1501 438 1669 504 ἔστι
1715 442 1908 504 τοῦτο)
1954 440 2131 504 διττὼ
2178 443 2262 505 τὼ
2310 439 2464 524 βίω.
2532 438 2612 504 In
2658 438 2861 505 Arist.

517 569 688 634 vesp.
749 546 1014 612 58-63
1073 550 1294 613 tamen
1349 546 1454 612 hic
1513 549 1612 611 est
1673 546 2156 612 enuntiatorum
2201 567 2508 614 conexus:
2557 544 2702 634 ἡμῖν
2747 549 2862 631 γὰρ

517 650 630 722 οὐκ
676 654 823 721 ἔστ’
871 652 1007 721 οὔτε
1055 703 1071 721 .
1120 703 1135 719 .
1183 704 1199 720 .
1248 703 1263 719 .
1311 649 1512 720 δούλω
1561 702 1575 717 .
1627 701 1643 718 .
1693 701 1707 716 .
1756 650 1896 718 οὔθ’
1951 650 2275 741 Ἡρακλῆς
2323 702 2338 717 .
2388 702 2404 719 .
2455 701 2471 718 .
2520 648 2646 718 οὐδ’
2676 649 2862 728 αὖθις

587 810 603 828 .
653 811 668 827 .
736 758 1066 851 Εὐριπίδης
1135 782 1148 797 ·
1215 761 1356 837 ἀλλ’,
1422 761 1619 827 ἔστιν
1685 757 1829 849 ἡμῖν
1894 760 2156 843 λογίδιον
2214 810 2229 825 .
2279 809 2294 825 .
2343 809 2357 824 .
2406 810 2421 825 .
2488 760 2687 825 ἔστιν
2747 763 2861 845 γὰρ

516 865 661 957 ἡμῖν
708 869 1024 958 δεσπότης.
1116 866 1422 934 Videmus
1468 866 1675 952 igitur
1719 867 1789 931 in
1833 866 2040 932 altera
2084 866 2408 934 enuntiati
2453 888 2649 950 supra
2677 866 2864 932 allati

514 978 706 1058 parte
768 976 1163 1062 singularem
1227 974 1500 1041 subiecti
1565 994 1903 1039 numerum
1970 972 2331 1039 adhibitum
2394 994 2553 1055 esse,
2613 975 2681 1038 et
2733 972 2862 1038 illis

517 1080 663 1170 ἡμῖν
710 1086 826 1171 γὰρ
873 1078 987 1150 οὒκ
1034 1082 1156 1149 ἔστ’
1202 1081 1584 1170 respondere
1612 1080 1949 1166 sequentia
1980 1079 2121 1146 ἀλλ’
2153 1080 2310 1146 ἔστιν
2341 1079 2504 1169 ἡμῖν.
2570 1079 2863 1164 Utraque

515 1210 617 1254 res
663 1190 744 1255 ad
802 1190 1082 1274 primum
1128 1190 1256 1255 ἔστι
1303 1189 1576 1255 valuisse
1622 1185 1898 1253 videtur.

648 1312 1022 1397 Antequam
1081 1314 1162 1379 ad
1216 1335 1452 1380 novam
1511 1312 1956 1397 quaestionem
2012 1316 2434 1391 transeamus.
2478 1333 2860 1377 commemo-

514 1419 789 1486 randum
846 1423 948 1487 est
993 1420 1256 1487 verbum
1311 1441 1776 1506 nonnunquam
1831 1441 1962 1484 non
2020 1441 2164 1484 cum
2210 1417 2516 1497 subiecto,
2563 1416 2676 1484 sed
2720 1439 2861 1482 cum

519 1526 892 1614 praedicato
937 1528 1231 1614 proximo
1277 1549 1650 1613 congruere,
1698 1530 1773 1590 ut
1817 1525 1973 1592 Eur.
2021 1526 2147 1611 frg.
2198 1526 2325 1591 577

1031 1652 1172 1719 ἀλλ’
1218 1652 1373 1718 ἔστι
1418 1655 1533 1738 γὰρ
1581 1652 1656 1740 δὴ
1704 1651 1819 1718 κάν
1866 1661 2143 1718 κακοῖσιν
2191 1650 2424 1741 ἡδονὴ

1027 1763 1282 1849 θνητοῖς
1330 1758 1641 1848 ὀδυρμοὶ
1687 1760 1968 1846 δακρὺων
2017 1758 2066 1823 τ’
2098 1756 2394 1845 ὲπιῤῥοαί.

515 1885 717 1964 Quem
762 1886 970 1951 locum
1017 1884 1182 1952 falso
1228 1883 1595 1951 Wrobelius
1644 1886 1685 1950 l.
1728 1906 1779 1949 c.
1827 1904 1978 1969 pag.
2027 1885 2113 1949 44
2161 1882 2475 1967 schemati
2519 1882 2864 1950 Pindarico

512 1992 837 2059 attribuit.
950 1991 1100 2058 Alia
1174 1992 1462 2078 exempla
1536 1990 1851 2077 praebent
1907 1990 2231 2057 Matthiae
2245 2040 2262 2073 ,
2316 2014 2420 2078 gr.
2470 2011 2568 2076 gr.
2618 1991 2715 2056 ed.
2761 1989 2863 2055 111

511 2100 549 2184 g
598 2101 747 2179 305,
796 2103 864 2165 et
910 2097 1223 2184 Krueger,
1272 2098 1418 2165 Att.
1467 2096 1528 2165 S.
1575 2099 1612 2182 ἓ
1659 2097 1766 2179 64,
1814 2097 1877 2164 6.

1550 2400 1555 2405 ’
1615 2399 1763 2468 ΠΙ.

688 2548 830 2615 Iam
887 2547 1295 2633 pervenimus
1354 2545 1435 2613 ad
1490 2570 1629 2613 rem
1684 2546 1843 2612 satis
1900 2546 2237 2612 obscuram
2294 2550 2362 2614 et
2416 2569 2456 2611 a
2510 2548 2731 2613 multis
2791 2547 2863 2612 in

510 2654 774 2722 dubium
830 2658 1160 2734 vocatam,
1219 2655 1399 2721 cuius
1443 2653 1637 2721 cardo
1685 2654 1756 2718 in
1801 2676 1879 2719 ea
1925 2676 1993 2719 re
2041 2653 2317 2720 vertitur
2331 2702 2347 2734 ‚
2407 2675 2563 2719 num
2609 2653 2861 2718 nomini
2952 2687 2961 2696 =

507 2761 747 2847 plurali
767 2782 914 2847 gen.
940 2782 1135 2827 masc.
1161 2761 1265 2825 vel
1288 2760 1435 2827 fem.
1463 2760 1795 2846 singulare
1814 2762 2078 2825 verbum
2100 2761 2297 2825 etiam
2316 2760 2615 2845 postponi
2634 2761 2857 2845 possit.

510 2866 721 2934 Verbo
767 2867 1135 2953 anteposito
1191 2867 1434 2934 nemini
1491 2869 1749 2951 quidem
1794 2865 2056 2932 dubium
2103 2866 2358 2932 videtur
2402 2867 2559 2951 quin
2603 2869 2860 2935 schema

508 2973 918 3041 Pindaricum
965 2977 1329 3061 usurpetur.
1422 2973 1519 3039 De
1579 2973 1772 3041 verbo
1825 2976 2042 3039 autem
2088 2974 2451 3061 postposito
2496 2976 2857 3040 sententiae

509 3084 936 3148 recentiorum
1003 3081 1072 3147 in
1142 3081 1426 3147 diversas
1480 3083 1699 3166 partes
1755 3080 2071 3147 abierunt.
2183 3080 2405 3147 Astius
2461 3084 2528 3147 et
2583 3080 2859 3147 Momm·
2924 3113 2949 3122 -

506 3189 725 3255 senius
789 3189 1053 3254 omnino
1114 3210 1248 3254 non
1312 3187 1631 3252 dubitant.
1741 3185 2067 3253 Matthiae
2142 3189 2178 3271 ἓ
2245 3185 2374 3253 303
2389 3236 2406 3269 ,
2473 3187 2856 3256 Kuehnerus

506 3296 544 3380 g
573 3293 725 3376 425,
751 3295 813 3377 2,
860 3294 1274 3361 Hermannus
1321 3294 1405 3360 ad
1449 3292 1681 3359 Trach.
1714 3293 1865 3373 520,
1913 3293 2026 3359 alii
2051 3298 2291 3378 putant
2319 3295 2489 3379 apud
2516 3294 2855 3362 Dorienses

505 3401 763 3488 quidem
818 3404 1080 3468 verbum
1139 3402 1470 3487 singulare
1530 3400 1780 3466 nomini
1834 3402 2159 3485 postponi,
2208 3402 2378 3489 apud
2424 3403 2680 3470 Atticos
2724 3427 2853 3471 non

505 3511 682 3576 item.
733 3507 1104 3576 Grummius
1132 3532 1402 3596 eumque
1433 3512 1687 3575 secutus
1713 3507 2123 3574 Erdmanuus
2152 3531 2411 3592 prorsus
2442 3516 2687 3597 negant
2714 3535 2854 3578 ver-

505 3616 655 3682 bum
703 3617 1006 3703 postponi
1053 3616 1337 3683 dicentes
1396 3617 1585 3688 aliter
1641 3615 2076 3701 explanandos
2131 3638 2265 3682 esse
2310 3618 2616 3702 quosdam
2662 3622 2856 3686 locos.

681 3741 887 3829 Atqui
960 3742 1133 3809 inter
1208 3743 1669 3829 grammaticos
1741 3744 1992 3807 veteres
2064 3739 2445 3827 Apollonius
2519 3742 2850 3831 DyscoluS‚

504 3849 861 3932 LesbonaX,
926 3850 1332 3931 Eustathius‚
1393 3849 1604 3917 Schol.
1665 3847 1750 3914 ad
1794 3847 1979 3914 Pind.
2027 3848 2292 3914 minime
2338 3849 2662 3932 dubitant,
2709 3874 2852 3917 cum

503 3980 736 4025 nomen
793 3959 990 4026 verbo
1055 3958 1415 4044 praecedat,
1479 3958 1739 4023 schema
1794 3954 1980 4021 Pind.
2036 3959 2348 4023 statuere.
2453 3958 2851 4042 Quamquam

504 4065 675 4131 euim
737 4065 896 4130 illud
954 4064 1405 4131 Lesbonactis:
1467 4062 1953 4150 Λακεδαιμόνιοι
1999 4063 2254 4150 πολεμεῖ
2294 4061 2662 4154 Ἀθηναίοις
2708 4089 2852 4153 spe-

502 4173 710 4237 cimen
776 4171 966 4236 modo
1032 4172 1279 4256 figurae
1336 4169 1520 4236 Pind.
1578 4171 1799 4235 fictum
1859 4169 1991 4233 iam
2050 4168 2339 4235 Boekhio
2394 4171 2475 4237 ad
2533 4174 2661 4258 frg.
2719 4176 2848 4238 265

503 4277 711 4342 visum
757 4281 876 4357 est,
925 4280 992 4343 et
1036 4298 1201 4362 quae
1231 4274 1615 4360 Apollonius
1663 4277 1885 4343 affert:
1937 4273 1992 4341 οἱ
2040 4276 2258 4363 ἄνδρες
2303 4281 2485 4361 λέγει,
2536 4277 2602 4343 αἱ
2647 4290 2852 4363 γοναῖ-

500 4408 606 4459 κες
652 4386 834 4467 λέγει,
882 4386 1036 4448 item
1083 4386 1237 4447 ficta
1284 4387 1436 4447 sunt
1482 4382 1563 4449 ad
1609 4382 1952 4450 schematis
2000 4383 2178 4449 Pind.
2228 4386 2548 4452 rationem
2590 4386 2851 4453 demon-
