3226 5028
1523 279 1609 344 49

390 476 727 567 εἰρημένου,
770 483 888 563 πρὸ
935 489 1045 567 τῆς
1102 481 1340 551 θέσεως
1398 487 1502 543 τοῦ
1561 475 1696 551 ἑνὸς
1758 471 1976 543 αὐτῶν·
2068 473 2311 550 ‹bc-{vot
2355 477 2649 562 λέγωμεν,
2695 472 2730 539 6

386 586 550 651 δεῖνα
585 582 1040 673 τόδεέποίησαν
1074 589 1182 651 καὶ
1218 583 1251 649 6
1291 585 1455 649 δεῖνα
1484 583 1525 672 ἢ
1557 582 1591 649 6
1620 584 1785 648 δεῖνα
1814 588 2072 666 γενναῖοί
2100 581 2215 649 ἐισι
2242 586 2349 648 καὶ
2377 580 2413 647 6
2459 581 2731 663 δεῖνα.30)

533 698 622 792 ὁ2.
669 726 1091 812 Anonymi,
1138 731 1272 813 περὶ
1318 731 1675 819 σχημάτων,
1703 726 1911 805 Walz‚
1960 702 2060 790 ih.
2109 747 2207 811 gr.
2242 723 2420 804 V111‚·
2466 725 2539 809 pi
2578 724 2730 808 662,

294 854 297 857 ·
395 834 497 899 19.
542 832 673 899 ’Καὶ
720 835 1009 901 ἔστινκαὶ·
1041 833 1244 920 ἕτερον
1291 833 1449 909 εἶδος
1494 832 1640 919 παρ’
1689 827 1855 919 αι’)’τῷ
1903 832 2057 915 (scil.
2091 831 2376 921 Ὁμήρῳ)
2406 838 2729 921 σχήματος

374 944 455 1007 ’τὸ
514 945 838 1030 λεγόμενον
896 940 1360 1041 προεπίζευξις··
1395 945 1652 1027 προθεὶς
1711 944 1827 1028 γὰρ
1888 941 2083 1028 ὄνομα
2142 939 2341 1007 ἑνικὸν
2404 942 2467 1006 ἓν
2524 938 2731 1023 ἐπάγει

322 1041 327 1046 ’
387 1050 593 1115 δυϊκὸν
642 1047 812 1137 ῥῆμα
859 1049 900 1137 ἢ
945 1052 1378 1137 πληθυντικόν·
1425 1048 1545 1114 εἶθ’
1602 1044 1795 1122 οὕτως
1834 1042 2040 1130 ἐπάγει
2077 1045 2282 1133 ἕτερον
2316 1047 2533 1133 ὄνομα·
2588 1046 2731 1112 οἷον.

476 1176 484 1184 ’
554 1172 716 1262 Ἧχι
763 1171 911 1259 ῥοὰς
958 1172 1197 1261 Σιμόεις
1245 1175 1660 1260 συμβάλλεται
1707 1170 1816 1260 ἠδὲ
1863 1170 2384 1259 Σκάμανδρος·31)

371 1279 627 1369 ’Ὤιρειλε
674 1284 788 1366 γὰρ
834 1283 998 1347 κατὰ
1042 1285 1152 1369 τὴν
1201 1280 1582 1346 ἀκολουθίαν
1630 1290 1740 1368 τῆς
1787 1278 2126 1354 συντάξεως
2172 1278 2374 1345 εἰπεῖν’

553 1384 708 1475 Ἧχι
756 1385 906 1474 ῥοὰς
952 1386 1193 1474 Σιμόεις
1254 1390 1693 1475 συμβάλλεται,
1750 1385 1791 1473 ᾗ
1839 1387 1905 1450 δὲ
1952 1385 2375 1474 Σκάμανδρος.

566 1531 625 1594 3.
671 1529 1086 1613 Eustathii
1134 1533 1214 1597 ad
1253 1530 1336 1609 N,
1385 1529 1538 1610 588,
1586 1555 1647 1616 p.
1680 1532 1829 1609 947,
1870 1529 1976 1595 56.
2033 1528 2121 1595 Τὸ
2162 1531 2247 1608 δὲ,
2278 1535 2361 1594 τὼ
2394 1529 2527 1616 6‘529
2558 1528 2591 1594 6
2624 1534 2733 1616 μὲν

259 1683 263 1686 -
300 1679 323 1701 ι
386 1639 554 1726 ἔγχεϊ
601 1637 862 1729 ὀξυόεντι
906 1637 1037 1704 ἵετο
1065 1627 1417 1716 Ιοἰκόνττίσαι,
1468 1637 1500 1703 6
1541 1636 1612 1703 ’δὲ
1661 1639 1956 1716 τοξεῦσαι,
2000 1649 2218 1726 σχῆμα
2264 1637 2735 1724 προεπιζεῦξεως

388 1743 513 1811 ἐστι
558 1747 721 1811 κατὰ
779 1747 918 1819 τοὺς
974 1741 1296 1820 παλαιοός·
1404 1749 1628 1833 φθάνει
1688 1748 1803 1830 γὰρ
1864 1744 2163 1819 ἐπιζεῦξαι
2221 1754 2325 1809 τοῦ
2384 1753 2730 1831 ποιοῦντας,

388 1849 517 1915 εἶτα
545 1852 762 1937 διαιρεῖ
805 1847 1026 1926 αὖτοὺς
1073 1851 1360 1927 καθ’ἔνα,
1406 1856 1512 1918 καὶ
1558 1862 1735 1917 τοῦτο
1766 1856 1874 1938 μὲν
1921 1852 1985 1917 ἐν
2032 1853 2217 1938 δυϊκῷ
2266 1851 2538 1938 ἀριθμῷ·
2604 1852 2732 1938 μετ’

390 1955 567 2039 ὀλίγα
613 1959 678 2029 δε
726 1957 1050 2046 Ἀτρείδης
1099 1963 1207 2045 μὲν
1256 1956 1509 2045 ἅμαρτε,
1558 1956 1936 2044 Πείσανδρος
1982 1960 2047 2023 δὲ
2086 1955 2325 2025 οὔτασε.
2416 1957 2629 2045 Μυρία
2670 1959 2735 2022 δὲ

390 2072 641 2131 τοιαῦτα
686 2069 857 2152 παρά
904 2089 965 2130 τε
1013 2076 1363 2154 τῷποιητῇ
1409 2068 1515 2131 καὶ
1559 2067 1703 2151 παρ’
1754 2065 1989 2141 ἄλλοις.

567 2206 803 2284 Quodsi
850 2230 885 2273 e
932 2207 1440 2287 definitionibus‚‘
1482 2230 1641 2293 quas
1688 2209 2098 2299 grammatici
2138 2211 2387 2273 veteres
2434 2207 2733 2287 afferunt,

392 2315 618 2382 elicere
664 2315 934 2405 velimus
982 2315 1442 2396 definitionem,
1492 2304 1689 2400 qnam
1732 2336 1850 2380 nos
1897 2336 2259 2399 sequamur,
2306 2336 2409 2380 res
2438 2311 2549 2378 vix
2575 2312 2735 2378 bene

393 2420 602 2501 cedat;
651 2445 803 2488 nam
849 2423 1001 2489 illae
1025 2424 1185 2488 satis
1224 2422 1528 2488 obscurae
1559 2422 1931 2508 plerumque
1961 2426 2029 2488 et
2056 2422 2268 2488 minus
2296 2423 2530 2508 planae
2562 2426 2733 2486 sunt.

387 2529 631 2615 Itaque·
686 2531 914 2596 melius
986 2530 1150 2595 mihi
1222 2529 1495 2610 videtur,
1583 2528 1738 2613 quid
1810 2531 1889 2596 de
1960 2531 2287 2597 schemate
2361 2528 2735 2604 Alcmanico

389 2637 710 2703 senserint
740 2639 1006 2717 veteres,
1037 2659 1117 2702 ex
1148 2638 1361 2702 allatis
1394 2636 1475 2703 ab
1504 2637 1583 2701 iis
1613 2636 1919 2721 exemplis
1951 2638 2269 2724 colligere.
2323 2636 2733 2703 Herodianus

388 2743 434 2808 l.
482 2765 534 2808 c.
570 2745 714 2808 iam
760 2744 1103 2810 schematis
1151 2744 1510 2810 Alcmanici
1556 2746 1850 2829 exempla
1896 2745 2223 2832 congessit
2255 2743 2450 2810 ’haect

483 2867 553 2944 E,
607 2866 754 2931 774.
805 2866 914 2955 ἧχι
961 2867 1110 2954 ῥοὰς
1169 2868 1409 2956 Σιμόεις
1456 2872 1877 2956 συμβάλλετον
1924 2868 2034 2957 ἠδὲ
2079 2868 2504 2955 Σκάμανδρος.

482 2971 550 3052 Υ,
605 2973 753 3038 138.
802 2972 854 3039 εἰ
899 2976 964 3039 δὲ
1009 2976 1066 3042 κ’
1099 2973 1308 3065 Ἀρης
1357 2976 1601 3064 ἄρχωσι
1648 2983 1861 3066 μάχης
1909 2977 1949 3065 ἢ
1998 2975 2230 3060 Φοῖβος
2276 2974 2624 3042 Ἀπόλλων.

480 3104 540 3157 κ,
588 3077 737 3145 513.
786 3081 944 3147 ἔνθα
991 3088 1100 3170 μὲν
1147 3081 1233 3159 εἷς
1277 3083 1628 3172 Ἀχέροντα
1674 3083 2154 3172 Πυριφλεγέθων
2202 3107 2265 3148 τε
2312 3081 2530 3169 ῥεουσιν

788 3184 1086 3265 Κώκυτός
1134 3189 1221 3256 θ’.
2477 3213 2480 3218 ’

479 3313 529 3390 ξ,
580 3313 732 3379 216.
781 3313 821 3403 ἦ
869 3320 978 3402 μὲν
1026 3317 1101 3405 δὴ
1150 3321 1390 3403 θάρσος
1439 3340 1542 3404 μοι
1574 3314 1785 3405 Ἀρης
1833 3315 2105 3382 τ”έδοσαν
2152 3320 2258 3382 καὶ
2303 3313 2556 3404 Ἀθήνη

783 3426 891 3487 καὶ
937 3421 1321 3512 ῥηξηνορίαν.

396 3543 723 3610 Alcmanis
769 3546 1231 3632 fragmentum,
1280 3547 1451 3631 quod
1496 3547 1856 3614 Kirchhoff.
1904 3548 2137 3613 Rhein.
2185 3547 2350 3614 Mus·
2378 3546 2458 3626 X,
2508 3571 2569 3633 p.
2603 3547 2731 3612 405

252 3651 258 3656 ’
391 3650 482 3715 sic
527 3652 846 3719 restituit:

478 3776 747 3864 Κάστωρ
794 3801 857 3843 τε
893 3781 1114 3844 πώλων
1162 3778 1370 3847 ὠκέων
1416 3782 1790 3868 δαμάνταρε,

730 3954 781 3968 ρ

568 3991 642 4062 ³⁰)
679 3994 842 4049 Hunc
876 3993 938 4048 in
975 3992 1228 4048 ordinem
1263 3994 1482 4064 redegit
1516 3995 1689 4050 verba
1725 3997 1783 4050 et
1818 4011 1940 4051 eam
1966 3994 2190 4064 quidem
2227 3995 2437 4050 rectam
2471 3993 2733 4048 Ernestus
2777 3989 2784 3994 “
2813 3965 2816 3970 .

395 4081 468 4136 ad
506 4080 776 4150 Stephani
810 4082 1154 4138 Thesaurum
1189 4082 1416 4152 linguae
1452 4100 1685 4153 graecae
1720 4101 1762 4139 s.
1795 4101 1848 4138 v.
1882 4081 2225 4154 προεπίξευξις.
2285 4082 2419 4139 cdd.
2456 4084 2727 4154 praebent

392 4163 420 4220 6
461 4167 595 4220 δεῖνα
630 4167 739 4221 τόδε
775 4169 974 4244 ἐποίησε
1009 4171 1095 4223 καὶ
1131 4170 1159 4224 6
1205 4170 1340 4225 δεῖνα
1383 4170 1424 4244 ἢ
1460 4171 1488 4225 6
1525 4171 1658 4224 δεῖνα
1692 4171 1733 4245 ἢ
1780 4171 1808 4224 6
1845 4170 1979 4224 δεῖνα
2014 4170 2227 4245 γενναῖοί
2262 4168 2351 4224 εἰσι
2395 4171 2481 4224 καὶ
2518 4171 2546 4224 6
2583 4170 2730 4224 δεῖνα.

569 4274 642 4346 ³¹)
682 4276 773 4332 Sic
808 4278 991 4345 Walz;
1030 4281 1124 4335 sed
1161 4297 1227 4336 ex
1264 4298 1448 4337 rerum
1487 4298 1698 4337 conexu
1734 4280 1915 4350 liquet
1950 4277 2288 4351 συμβάλλετον
2323 4296 2422 4352 pro
2452 4277 2734 4351 συμβάλλε-

388 4382 471 4416 ται
507 4366 856 4422 scribendum
892 4383 1005 4423 esse
1040 4370 1213 4438 atque
1251 4369 1464 4436 deinde,
1502 4372 1568 4426 ut
1601 4367 1939 4425 constructio
1955 4371 2177 4425 ‘usitata
2200 4370 2480 4437 afferatur,
2517 4387 2733 4426 comma

390 4457 527 4512 ante
562 4447 599 4526 ᾗ
636 4453 689 4508 δὲ
726 4456 1021 4511 delendum
1058 4474 1125 4511 ac
1158 4475 1271 4513 non
1308 4450 1344 4527 ᾗ
1383 4455 1451 4524 δὲ,
1489 4458 1585 4513 sed
1620 4455 1715 4529 ἠδὲ
1752 4458 2141 4514 exhibendum.

2387 4567 2413 4606 4
