<?xml version="1.0" encoding="UTF-8"?>
<!DOCTYPE html PUBLIC "-//W3C//DTD XHTML 1.0 Transitional//EN"
    "http://www.w3.org/TR/xhtml1/DTD/xhtml1-transitional.dtd">
<html xmlns="http://www.w3.org/1999/xhtml" xml:lang="en" lang="en">
 <head>
  <title>
</title>
<meta http-equiv="Content-Type" content="text/html;charset=utf-8" />
  <meta name='ocr-system' content='tesseract 3.04.00' />
  <meta name='ocr-capabilities' content='ocr_page ocr_carea ocr_par ocr_line ocrx_word'/>
</head>
<body>
  <div class='ocr_page' id='page_1' title='image "./deschematepinda00wilpgoog_0045.png"; bbox 0 0 3226 5028; ppageno 0'>
   <div class='ocr_carea' id='block_1_1' title="bbox 1533 259 1621 324">
    <p class='ocr_par' dir='ltr' id='par_1_1' title="bbox 1533 259 1621 324">
     <span class='ocr_line' id='line_1_1' title="bbox 1533 259 1621 324; baseline -0.011 0"><span class='ocrx_word' id='word_1_1' title='bbox 1533 259 1621 324; x_wconf 84' lang='lat'>37</span> 
     </span>
    </p>
   </div>
   <div class='ocr_carea' id='block_1_2' title="bbox 1354 351 1782 362">
    <p class='ocr_par' dir='ltr' id='par_1_2' title="bbox 1354 351 1782 362">
     <span class='ocr_line' id='line_1_2' title="bbox 1354 351 1782 362; baseline 0 0"><span class='ocrx_word' id='word_1_2' title='bbox 1354 351 1782 362; x_wconf 95' lang='lat' dir='ltr'> </span> 
     </span>
    </p>
   </div>
   <div class='ocr_carea' id='block_1_3' title="bbox 390 453 2744 869">
    <p class='ocr_par' dir='ltr' id='par_1_3' title="bbox 390 453 2744 869">
     <span class='ocr_line' id='line_1_3' title="bbox 395 453 2744 546; baseline -0.003 -20"><span class='ocrx_word' id='word_1_3' title='bbox 395 461 626 546; x_wconf 77' lang='grc' dir='ltr'>οφείλει</span> <span class='ocrx_word' id='word_1_4' title='bbox 686 464 753 525; x_wconf 81' lang='grc' dir='ltr'>τὸ</span> <span class='ocrx_word' id='word_1_5' title='bbox 814 459 1009 544; x_wconf 82' lang='grc' dir='ltr'>τρίτον</span> <span class='ocrx_word' id='word_1_6' title='bbox 1067 470 1183 524; x_wconf 82' lang='grc' dir='ltr'>τῶν</span> <span class='ocrx_word' id='word_1_7' title='bbox 1243 459 1674 546; x_wconf 80' lang='grc' dir='ltr'>πληθυντικῶν</span> <span class='ocrx_word' id='word_1_8' title='bbox 1720 459 2012 539; x_wconf 78' lang='grc' dir='ltr'>γενέσθαι</span> <span class='ocrx_word' id='word_1_9' title='bbox 2057 453 2119 521; x_wconf 78' lang='grc' dir='ltr'>ἓν</span> <span class='ocrx_word' id='word_1_10' title='bbox 2164 457 2266 521; x_wconf 87' lang='grc' dir='ltr'>διὰ</span> <span class='ocrx_word' id='word_1_11' title='bbox 2310 464 2415 521; x_wconf 78' lang='grc' dir='ltr'>τοῦ</span> <span class='ocrx_word' id='word_1_12' title='bbox 2462 456 2493 520; x_wconf 79' lang='grc' dir='ltr'>ἐ’</span> <span class='ocrx_word' id='word_1_13' title='bbox 2539 472 2553 491; x_wconf 85' lang='grc'><em>·</em></span> <span class='ocrx_word' id='word_1_14' title='bbox 2602 453 2744 521; x_wconf 82' lang='grc' dir='ltr'>ἀλλ’</span> 
     </span>
     <span class='ocr_line' id='line_1_4' title="bbox 392 559 2744 654; baseline -0.001 -23"><span class='ocrx_word' id='word_1_15' title='bbox 392 564 598 654; x_wconf 80' lang='grc' dir='ltr'>ἐπειδὴ</span> <span class='ocrx_word' id='word_1_16' title='bbox 657 560 1123 651; x_wconf 76' lang='grc' dir='ltr'>μονοσυλλαβός</span> <span class='ocrx_word' id='word_1_17' title='bbox 1181 563 1338 629; x_wconf 80' lang='grc' dir='ltr'>ἐστιν</span> <span class='ocrx_word' id='word_1_18' title='bbox 1396 562 1436 652; x_wconf 82' lang='grc' dir='ltr'>ἡ</span> <span class='ocrx_word' id='word_1_19' title='bbox 1492 563 1655 638; x_wconf 76' lang='grc' dir='ltr'>λέξις</span> <span class='ocrx_word' id='word_1_20' title='bbox 1700 567 1809 629; x_wconf 87' lang='grc' dir='ltr'>καὶ</span> <span class='ocrx_word' id='word_1_21' title='bbox 1855 568 1964 651; x_wconf 83' lang='grc' dir='ltr'>τὴν</span> <span class='ocrx_word' id='word_1_22' title='bbox 2012 559 2201 651; x_wconf 74' lang='grc' dir='ltr'>αὒτήν</span> <span class='ocrx_word' id='word_1_23' title='bbox 2249 562 2381 650; x_wconf 83' lang='grc' dir='ltr'>ἔχει</span> <span class='ocrx_word' id='word_1_24' title='bbox 2427 561 2744 650; x_wconf 84' lang='grc' dir='ltr'>ἄρχουσαν</span> 
     </span>
     <span class='ocr_line' id='line_1_5' title="bbox 391 668 2743 761; baseline -0.001 -24"><span class='ocrx_word' id='word_1_25' title='bbox 391 677 499 738; x_wconf 88' lang='grc' dir='ltr'>καὶ</span> <span class='ocrx_word' id='word_1_26' title='bbox 545 674 855 761; x_wconf 77' lang='grc' dir='ltr'>λήγουσαν</span> <span class='ocrx_word' id='word_1_27' title='bbox 899 676 1008 738; x_wconf 87' lang='grc' dir='ltr'>καὶ</span> <span class='ocrx_word' id='word_1_28' title='bbox 1052 672 1552 759; x_wconf 77' lang='grc' dir='ltr'>παραλήγουσαν,</span> <span class='ocrx_word' id='word_1_29' title='bbox 1601 682 1687 757; x_wconf 80' lang='grc' dir='ltr'>τῷ</span> <span class='ocrx_word' id='word_1_30' title='bbox 1717 672 1880 757; x_wconf 83' lang='grc' dir='ltr'>λόγῳ</span> <span class='ocrx_word' id='word_1_31' title='bbox 1912 681 2023 758; x_wconf 91' lang='grc' dir='ltr'>τῆς</span> <span class='ocrx_word' id='word_1_32' title='bbox 2056 669 2375 758; x_wconf 77' lang='grc' dir='ltr'>ἀρχουσης</span> <span class='ocrx_word' id='word_1_33' title='bbox 2403 668 2743 758; x_wconf 75' lang='grc' dir='ltr'>ἐφυλάχθη</span> 
     </span>
     <span class='ocr_line' id='line_1_6' title="bbox 390 774 2569 869; baseline -0.001 -24"><span class='ocrx_word' id='word_1_34' title='bbox 390 785 459 845; x_wconf 88' lang='grc' dir='ltr'>τὸ</span> <span class='ocrx_word' id='word_1_35' title='bbox 511 786 553 869; x_wconf 81' lang='grc' dir='ltr'>ῆ</span> <span class='ocrx_word' id='word_1_36' title='bbox 597 783 706 846; x_wconf 88' lang='grc' dir='ltr'>καὶ</span> <span class='ocrx_word' id='word_1_37' title='bbox 752 774 865 845; x_wconf 73' lang='grc' dir='ltr'>οὐκ</span> <span class='ocrx_word' id='word_1_38' title='bbox 910 775 1147 861; x_wconf 80' lang='grc' dir='ltr'>ἐγένετο</span> <span class='ocrx_word' id='word_1_39' title='bbox 1191 789 1276 863; x_wconf 80' lang='grc' dir='ltr'>τῷ</span> <span class='ocrx_word' id='word_1_40' title='bbox 1323 779 1485 865; x_wconf 80' lang='grc' dir='ltr'>λόγῳ</span> <span class='ocrx_word' id='word_1_41' title='bbox 1533 789 1645 866; x_wconf 86' lang='grc' dir='ltr'>τῆς</span> <span class='ocrx_word' id='word_1_42' title='bbox 1690 779 2173 867; x_wconf 81' lang='grc' dir='ltr'>παραληγοὺσης</span> <span class='ocrx_word' id='word_1_43' title='bbox 2219 778 2323 841; x_wconf 77' lang='grc' dir='ltr'>διὰ</span> <span class='ocrx_word' id='word_1_44' title='bbox 2366 786 2472 843; x_wconf 81' lang='grc' dir='ltr'>τοῦ</span> <span class='ocrx_word' id='word_1_45' title='bbox 2519 778 2569 842; x_wconf 79' lang='grc' dir='ltr'>ἕ.</span> 
     </span>
    </p>
   </div>
   <div class='ocr_carea' id='block_1_4' title="bbox 572 917 2744 1007">
    <p class='ocr_par' dir='ltr' id='par_1_4' title="bbox 572 917 2744 1007">
     <span class='ocr_line' id='line_1_7' title="bbox 572 917 2744 1007; baseline -0 -20"><span class='ocrx_word' id='word_1_46' title='bbox 572 922 635 987; x_wconf 87' lang='grc'>4.</span> <span class='ocrx_word' id='word_1_47' title='bbox 681 918 1095 986; x_wconf 72' lang='lat' dir='ltr'><strong>Eustathii</strong></span> <span class='ocrx_word' id='word_1_48' title='bbox 1156 918 1239 984; x_wconf 81' lang='lat' dir='ltr'>ad</span> <span class='ocrx_word' id='word_1_49' title='bbox 1284 917 1355 999; x_wconf 83' lang='lat' dir='ltr'>P,</span> <span class='ocrx_word' id='word_1_50' title='bbox 1404 918 1555 998; x_wconf 85' lang='lat'>384,</span> <span class='ocrx_word' id='word_1_51' title='bbox 1603 943 1667 1006; x_wconf 89' lang='lat' dir='ltr'>p.</span> <span class='ocrx_word' id='word_1_52' title='bbox 1700 919 1895 999; x_wconf 84' lang='lat'>1110,</span> <span class='ocrx_word' id='word_1_53' title='bbox 1941 921 2047 987; x_wconf 83' lang='grc'>51.</span> <span class='ocrx_word' id='word_1_54' title='bbox 2096 921 2321 1007; x_wconf 81' lang='lat' dir='ltr'><strong>(supra</strong></span> <span class='ocrx_word' id='word_1_55' title='bbox 2351 941 2414 1004; x_wconf 89' lang='lat' dir='ltr'><strong>p.</strong></span> <span class='ocrx_word' id='word_1_56' title='bbox 2447 919 2510 1001; x_wconf 80' lang='lat'>3,</span> <span class='ocrx_word' id='word_1_57' title='bbox 2542 920 2604 1000; x_wconf 82' lang='lat'>5,</span> <span class='ocrx_word' id='word_1_58' title='bbox 2652 917 2744 1003; x_wconf 88' lang='lat' dir='ltr'>b.)</span> 
     </span>
    </p>
   </div>
   <div class='ocr_carea' id='block_1_5' title="bbox 388 1059 2744 1366">
    <p class='ocr_par' dir='ltr' id='par_1_5' title="bbox 388 1059 2744 1366">
     <span class='ocr_line' id='line_1_8' title="bbox 571 1059 2744 1152; baseline -0.001 -23"><span class='ocrx_word' id='word_1_59' title='bbox 571 1062 632 1129; x_wconf 84' lang='lat'><strong>5.</strong></span> <span class='ocrx_word' id='word_1_60' title='bbox 691 1062 936 1131; x_wconf 82' lang='lat' dir='ltr'><strong>Schol.</strong></span> <span class='ocrx_word' id='word_1_61' title='bbox 1009 1062 1089 1128; x_wconf 88' lang='lat' dir='ltr'>in</span> <span class='ocrx_word' id='word_1_62' title='bbox 1159 1060 1390 1147; x_wconf 83' lang='lat' dir='ltr'><strong>Soph.</strong></span> <span class='ocrx_word' id='word_1_63' title='bbox 1458 1061 1691 1128; x_wconf 81' lang='lat' dir='ltr'><strong>Trach.</strong></span> <span class='ocrx_word' id='word_1_64' title='bbox 1766 1059 1919 1128; x_wconf 83' lang='lat'><strong>518.</strong></span> <span class='ocrx_word' id='word_1_65' title='bbox 2024 1059 2145 1129; x_wconf 90' lang='grc' dir='ltr'>Ἦν</span> <span class='ocrx_word' id='word_1_66' title='bbox 2208 1063 2274 1128; x_wconf 85' lang='grc' dir='ltr'>δὲ</span> <span class='ocrx_word' id='word_1_67' title='bbox 2340 1061 2744 1152; x_wconf 76' lang='grc' dir='ltr'>ἆμφίπλεκτοι</span> 
     </span>
     <span class='ocr_line' id='line_1_9' title="bbox 389 1165 2742 1259; baseline -0.002 -21"><span class='ocrx_word' id='word_1_68' title='bbox 389 1171 711 1259; x_wconf 77' lang='grc' dir='ltr'>κλίμακες]</span> <span class='ocrx_word' id='word_1_69' title='bbox 786 1168 861 1259; x_wconf 83' lang='grc' dir='ltr'>ἦν</span> <span class='ocrx_word' id='word_1_70' title='bbox 933 1169 1061 1237; x_wconf 81' lang='grc' dir='ltr'>ἀντὶ</span> <span class='ocrx_word' id='word_1_71' title='bbox 1127 1179 1231 1236; x_wconf 83' lang='grc' dir='ltr'>τοῦ</span> <span class='ocrx_word' id='word_1_72' title='bbox 1298 1165 1592 1258; x_wconf 77' lang='grc' dir='ltr'>ὁπῆρχον.</span> <span class='ocrx_word' id='word_1_73' title='bbox 1715 1166 2031 1245; x_wconf 82' lang='grc' dir='ltr'>Ἡσίοδος·</span> <span class='ocrx_word' id='word_1_74' title='bbox 2109 1168 2263 1257; x_wconf 84' lang='grc' dir='ltr'>Τῆς</span> <span class='ocrx_word' id='word_1_75' title='bbox 2328 1168 2480 1258; x_wconf 81' lang='grc' dir='ltr'>δ’ἧν</span> <span class='ocrx_word' id='word_1_76' title='bbox 2545 1179 2742 1255; x_wconf 86' lang='grc' dir='ltr'>τρεῖς</span> 
     </span>
     <span class='ocr_line' id='line_1_10' title="bbox 388 1280 745 1366; baseline -0.008 -21"><span class='ocrx_word' id='word_1_77' title='bbox 388 1280 745 1366; x_wconf 81' lang='grc' dir='ltr'>κεφαλαί.</span> 
     </span>
    </p>
   </div>
   <div class='ocr_carea' id='block_1_6' title="bbox 377 1366 2856 1721">
    <p class='ocr_par' dir='ltr' id='par_1_6' title="bbox 386 1366 2856 1721">
     <span class='ocr_line' id='line_1_11' title="bbox 469 1366 2856 1505; baseline -0 -20"><span class='ocrx_word' id='word_1_78' title='bbox 469 1434 476 1439; x_wconf 89' lang='grc'><em>“</em></span> <span class='ocrx_word' id='word_1_79' title='bbox 567 1422 627 1485; x_wconf 91' lang='grc'>6.</span> <span class='ocrx_word' id='word_1_80' title='bbox 678 1417 1102 1485; x_wconf 72' lang='lat' dir='ltr'><strong>Grammatici</strong></span> <span class='ocrx_word' id='word_1_81' title='bbox 1138 1419 1480 1496; x_wconf 70' lang='lat' dir='ltr'><strong>cuiusdam,</strong></span> <span class='ocrx_word' id='word_1_82' title='bbox 1520 1423 1656 1505; x_wconf 88' lang='grc' dir='ltr'>περὶ</span> <span class='ocrx_word' id='word_1_83' title='bbox 1685 1420 2045 1497; x_wconf 78' lang='grc' dir='ltr'>συντάξεως,</span> <span class='ocrx_word' id='word_1_84' title='bbox 2088 1419 2158 1486; x_wconf 87' lang='lat' dir='ltr'>in</span> <span class='ocrx_word' id='word_1_85' title='bbox 2186 1416 2742 1496; x_wconf 73' lang='lat' dir='ltr'><strong>Bekk.Aneod.1,</strong></span> <span class='ocrx_word' id='word_1_86' title='bbox 2851 1366 2856 1371; x_wconf 91' lang='lat'><strong>·</strong></span> 
     </span>
     <span class='ocr_line' id='line_1_12' title="bbox 386 1523 2736 1612; baseline -0.001 -21"><span class='ocrx_word' id='word_1_87' title='bbox 386 1549 448 1612; x_wconf 91' lang='lat' dir='ltr'>p.</span> <span class='ocrx_word' id='word_1_88' title='bbox 504 1527 651 1605; x_wconf 84' lang='lat'>148,</span> <span class='ocrx_word' id='word_1_89' title='bbox 698 1528 740 1591; x_wconf 91' lang='grc'>4</span> <span class='ocrx_word' id='word_1_90' title='bbox 789 1528 856 1592; x_wconf 72' lang='lat' dir='ltr'>e12</span> <span class='ocrx_word' id='word_1_91' title='bbox 900 1525 1125 1591; x_wconf 83' lang='lat' dir='ltr'><strong>melius</strong></span> <span class='ocrx_word' id='word_1_92' title='bbox 1143 1525 1226 1607; x_wconf 78' lang='lat'>²1)</span> <span class='ocrx_word' id='word_1_93' title='bbox 1273 1524 1344 1591; x_wconf 90' lang='lat' dir='ltr'>in</span> <span class='ocrx_word' id='word_1_94' title='bbox 1390 1523 1980 1612; x_wconf 77' lang='lat' dir='ltr'><strong>Schweighaeuseri</strong></span> <span class='ocrx_word' id='word_1_95' title='bbox 2026 1524 2328 1610; x_wconf 81' lang='lat' dir='ltr'><strong>Appiano</strong></span> <span class='ocrx_word' id='word_1_96' title='bbox 2366 1524 2486 1605; x_wconf 89' lang='lat'>111,</span> <span class='ocrx_word' id='word_1_97' title='bbox 2532 1546 2594 1609; x_wconf 92' lang='lat' dir='ltr'><strong>p.</strong></span> <span class='ocrx_word' id='word_1_98' title='bbox 2630 1525 2736 1591; x_wconf 88' lang='grc'>17.</span> 
     </span>
     <span class='ocr_line' id='line_1_13' title="bbox 377 1630 2740 1721; baseline 0 -23.011"><span class='ocrx_word' id='word_1_99' title='bbox 377 1630 496 1701; x_wconf 92' lang='grc' dir='ltr'>Ην</span> <span class='ocrx_word' id='word_1_100' title='bbox 546 1653 561 1668; x_wconf 91' lang='grc'><em>·</em></span> <span class='ocrx_word' id='word_1_101' title='bbox 620 1636 773 1721; x_wconf 86' lang='grc' dir='ltr'>μετὰ</span> <span class='ocrx_word' id='word_1_102' title='bbox 840 1636 1254 1721; x_wconf 82' lang='grc' dir='ltr'>πληθυντικοῦ</span> <span class='ocrx_word' id='word_1_103' title='bbox 1321 1631 1641 1719; x_wconf 86' lang='grc' dir='ltr'>ὀνόματος.</span> <span class='ocrx_word' id='word_1_104' title='bbox 1752 1631 2093 1709; x_wconf 86' lang='grc' dir='ltr'>Ἀππιανὸς</span> <span class='ocrx_word' id='word_1_105' title='bbox 2158 1633 2223 1698; x_wconf 81' lang='grc' dir='ltr'>ἐν</span> <span class='ocrx_word' id='word_1_106' title='bbox 2279 1642 2356 1719; x_wconf 81' lang='grc' dir='ltr'>τῆ</span> <span class='ocrx_word' id='word_1_107' title='bbox 2402 1631 2740 1719; x_wconf 80' lang='grc' dir='ltr'>Βασιλικῇ·</span> 
     </span>
    </p>
   </div>
   <div class='ocr_carea' id='block_1_7' title="bbox 386 1737 791 1827">
    <p class='ocr_par' dir='ltr' id='par_1_7' title="bbox 386 1737 791 1827">
     <span class='ocr_line' id='line_1_14' title="bbox 386 1737 791 1827; baseline 0 -23"><span class='ocrx_word' id='word_1_108' title='bbox 386 1740 640 1826; x_wconf 81' lang='grc' dir='ltr'>ἔριδες</span> <span class='ocrx_word' id='word_1_109' title='bbox 687 1737 791 1827; x_wconf 77' lang='grc' dir='ltr'>ἦν.</span> 
     </span>
    </p>
   </div>
   <div class='ocr_carea' id='block_1_8' title="bbox 384 1879 2737 2185">
    <p class='ocr_par' dir='ltr' id='par_1_8' title="bbox 384 1879 2737 2185">
     <span class='ocr_line' id='line_1_15' title="bbox 576 1879 2737 1970; baseline 0.001 -24"><span class='ocrx_word' id='word_1_110' title='bbox 576 1882 634 1947; x_wconf 89' lang='grc'>7.</span> <span class='ocrx_word' id='word_1_111' title='bbox 701 1882 1060 1966; x_wconf 82' lang='lat' dir='ltr'><strong>Anonymi,</strong></span> <span class='ocrx_word' id='word_1_112' title='bbox 1138 1885 1274 1968; x_wconf 84' lang='grc' dir='ltr'>περὶ</span> <span class='ocrx_word' id='word_1_113' title='bbox 1348 1884 1769 1968; x_wconf 80' lang='grc' dir='ltr'>βαρβαρισμοῦ</span> <span class='ocrx_word' id='word_1_114' title='bbox 1834 1886 1942 1948; x_wconf 84' lang='grc' dir='ltr'>καὶ</span> <span class='ocrx_word' id='word_1_115' title='bbox 2005 1885 2432 1970; x_wconf 75' lang='grc' dir='ltr'>σολοικισμοῦ,</span> <span class='ocrx_word' id='word_1_116' title='bbox 2515 1879 2737 1949; x_wconf 81' lang='lat' dir='ltr'><strong>Valck.</strong></span> 
     </span>
     <span class='ocr_line' id='line_1_16' title="bbox 384 1985 2721 2076; baseline 0.001 -24"><span class='ocrx_word' id='word_1_117' title='bbox 384 1985 686 2054; x_wconf 85' lang='lat' dir='ltr'><strong>Ammon.</strong></span> <span class='ocrx_word' id='word_1_118' title='bbox 732 2009 877 2075; x_wconf 79' lang='lat' dir='ltr'><strong>pag.</strong></span> <span class='ocrx_word' id='word_1_119' title='bbox 929 1988 1076 2054; x_wconf 88' lang='lat'><strong>198.</strong></span> <span class='ocrx_word' id='word_1_120' title='bbox 1168 1987 1321 2075; x_wconf 88' lang='grc' dir='ltr'>Περὶ</span> <span class='ocrx_word' id='word_1_121' title='bbox 1366 1989 1432 2054; x_wconf 85' lang='grc' dir='ltr'>δὲ</span> <span class='ocrx_word' id='word_1_122' title='bbox 1477 1989 1620 2062; x_wconf 81' lang='grc' dir='ltr'>τοὺς</span> <span class='ocrx_word' id='word_1_123' title='bbox 1668 1987 1974 2076; x_wconf 83' lang='grc' dir='ltr'>ἀριθμοὺς</span> <span class='ocrx_word' id='word_1_124' title='bbox 2022 1988 2180 2071; x_wconf 82' lang='lat' dir='ltr'><strong>(scil.</strong></span> <span class='ocrx_word' id='word_1_125' title='bbox 2230 1989 2721 2073; x_wconf 78' lang='grc' dir='ltr'>σολοικίζουσιν)·</span> 
     </span>
     <span class='ocr_line' id='line_1_17' title="bbox 385 2093 2583 2185; baseline 0 -25"><span class='ocrx_word' id='word_1_126' title='bbox 385 2093 471 2170; x_wconf 79' lang='grc' dir='ltr'>ὥς</span> <span class='ocrx_word' id='word_1_127' title='bbox 517 2094 664 2181; x_wconf 80' lang='grc' dir='ltr'>παρ’</span> <span class='ocrx_word' id='word_1_128' title='bbox 708 2093 991 2181; x_wconf 80' lang='grc' dir='ltr'>Ἡσιόδῳ·</span> <span class='ocrx_word' id='word_1_129' title='bbox 1039 2106 1174 2184; x_wconf 88' lang='grc' dir='ltr'>τῆς</span> <span class='ocrx_word' id='word_1_130' title='bbox 1221 2093 1372 2184; x_wconf 81' lang='grc' dir='ltr'>δ’ἦν</span> <span class='ocrx_word' id='word_1_131' title='bbox 1415 2105 1618 2182; x_wconf 83' lang='grc' dir='ltr'>τρεῖς</span> <span class='ocrx_word' id='word_1_132' title='bbox 1663 2097 2020 2185; x_wconf 80' lang='grc' dir='ltr'>κεφαλαί,</span> <span class='ocrx_word' id='word_1_133' title='bbox 2068 2095 2202 2163; x_wconf 79' lang='grc' dir='ltr'>ἀντὶ</span> <span class='ocrx_word' id='word_1_134' title='bbox 2248 2105 2354 2163; x_wconf 83' lang='grc' dir='ltr'>τοῦ</span> <span class='ocrx_word' id='word_1_135' title='bbox 2400 2095 2583 2185; x_wconf 79' lang='grc' dir='ltr'>ἦσαν.</span> 
     </span>
    </p>
   </div>
   <div class='ocr_carea' id='block_1_9' title="bbox 565 2235 1568 2322">
    <p class='ocr_par' dir='ltr' id='par_1_9' title="bbox 565 2235 1568 2322">
     <span class='ocr_line' id='line_1_18' title="bbox 565 2235 1568 2322; baseline -0.001 -20"><span class='ocrx_word' id='word_1_136' title='bbox 565 2239 625 2304; x_wconf 89' lang='grc'>8.</span> <span class='ocrx_word' id='word_1_137' title='bbox 672 2235 991 2303; x_wconf 80' lang='lat' dir='ltr'><strong>Manuelis</strong></span> <span class='ocrx_word' id='word_1_138' title='bbox 1036 2235 1156 2302; x_wconf 89' lang='lat' dir='ltr'>Mo</span> <span class='ocrx_word' id='word_1_139' title='bbox 1174 2236 1568 2322; x_wconf 80' lang='lat' dir='ltr'><strong>sohopuli,</strong></span> 
     </span>
    </p>
   </div>
   <div class='ocr_carea' id='block_1_10' title="bbox 381 2360 2819 3417">
    <p class='ocr_par' dir='ltr' id='par_1_10' title="bbox 381 2360 2819 3417">
     <span class='ocr_line' id='line_1_19' title="bbox 688 2360 2737 2451; baseline 0.001 -23"><span class='ocrx_word' id='word_1_140' title='bbox 688 2386 748 2429; x_wconf 80' lang='lat' dir='ltr'><strong>a.</strong></span> <span class='ocrx_word' id='word_1_141' title='bbox 795 2367 929 2449; x_wconf 84' lang='grc' dir='ltr'>περὶ</span> <span class='ocrx_word' id='word_1_142' title='bbox 974 2363 1232 2451; x_wconf 83' lang='grc' dir='ltr'>σχεδῶν,</span> <span class='ocrx_word' id='word_1_143' title='bbox 1281 2361 1390 2429; x_wconf 68' lang='lat' dir='ltr'>ed.</span> <span class='ocrx_word' id='word_1_144' title='bbox 1425 2362 1504 2430; x_wconf 88' lang='lat' dir='ltr'><strong>R.</strong></span> <span class='ocrx_word' id='word_1_145' title='bbox 1554 2363 1890 2448; x_wconf 73' lang='lat' dir='ltr'><strong>Stephani,</strong></span> <span class='ocrx_word' id='word_1_146' title='bbox 1938 2361 2085 2429; x_wconf 76' lang='lat' dir='ltr'><strong>Lut.</strong></span> <span class='ocrx_word' id='word_1_147' title='bbox 2147 2362 2340 2444; x_wconf 81' lang='lat'>1545,</span> <span class='ocrx_word' id='word_1_148' title='bbox 2387 2385 2539 2450; x_wconf 82' lang='lat' dir='ltr'><strong>pag.</strong></span> <span class='ocrx_word' id='word_1_149' title='bbox 2589 2360 2737 2431; x_wconf 82' lang='lat'><strong>175.</strong></span> 
     </span>
     <span class='ocr_line' id='line_1_20' title="bbox 383 2468 2739 2560; baseline 0 -23"><span class='ocrx_word' id='word_1_150' title='bbox 383 2470 534 2537; x_wconf 90' lang='grc' dir='ltr'>ΗΝ.</span> <span class='ocrx_word' id='word_1_151' title='bbox 648 2468 842 2538; x_wconf 86' lang='grc' dir='ltr'>Ποίου</span> <span class='ocrx_word' id='word_1_152' title='bbox 900 2476 1124 2559; x_wconf 80' lang='grc' dir='ltr'>μέρους</span> <span class='ocrx_word' id='word_1_153' title='bbox 1185 2472 1370 2554; x_wconf 87' lang='grc' dir='ltr'>λόγου</span> <span class='ocrx_word' id='word_1_154' title='bbox 1427 2469 1582 2548; x_wconf 81' lang='grc' dir='ltr'>ἐστί;</span> <span class='ocrx_word' id='word_1_155' title='bbox 1641 2470 1955 2560; x_wconf 87' lang='grc' dir='ltr'>Ρήματος.</span> <span class='ocrx_word' id='word_1_156' title='bbox 2005 2520 2215 2537; x_wconf 93' lang='lat'><strong>.....</strong></span> <span class='ocrx_word' id='word_1_157' title='bbox 2243 2470 2433 2558; x_wconf 86' lang='grc' dir='ltr'>Παρὰ</span> <span class='ocrx_word' id='word_1_158' title='bbox 2490 2473 2555 2538; x_wconf 83' lang='grc' dir='ltr'>δὲ</span> <span class='ocrx_word' id='word_1_159' title='bbox 2615 2481 2739 2549; x_wconf 89' lang='grc' dir='ltr'>τοῖς</span> 
     </span>
     <span class='ocr_line' id='line_1_21' title="bbox 386 2577 2739 2672; baseline 0 -27"><span class='ocrx_word' id='word_1_160' title='bbox 386 2590 668 2668; x_wconf 87' lang='grc' dir='ltr'>ποιηταῖς</span> <span class='ocrx_word' id='word_1_161' title='bbox 727 2584 836 2646; x_wconf 85' lang='grc' dir='ltr'>καὶ</span> <span class='ocrx_word' id='word_1_162' title='bbox 893 2578 990 2644; x_wconf 78' lang='grc' dir='ltr'>ἐπὶ</span> <span class='ocrx_word' id='word_1_163' title='bbox 1047 2584 1247 2664; x_wconf 81' lang='grc' dir='ltr'>τρίτου</span> <span class='ocrx_word' id='word_1_164' title='bbox 1306 2588 1411 2645; x_wconf 82' lang='grc' dir='ltr'>τοῦ</span> <span class='ocrx_word' id='word_1_165' title='bbox 1472 2582 1895 2668; x_wconf 78' lang='grc' dir='ltr'>πληθυντικοῦ</span> <span class='ocrx_word' id='word_1_166' title='bbox 1954 2577 2038 2655; x_wconf 81' lang='grc' dir='ltr'>ὡς</span> <span class='ocrx_word' id='word_1_167' title='bbox 2084 2578 2230 2665; x_wconf 80' lang='grc' dir='ltr'>παρ’</span> <span class='ocrx_word' id='word_1_168' title='bbox 2275 2577 2562 2665; x_wconf 80' lang='grc' dir='ltr'>Ἡσιόδῳ,</span> <span class='ocrx_word' id='word_1_169' title='bbox 2628 2590 2739 2672; x_wconf 79' lang='grc' dir='ltr'>τῆς</span> 
     </span>
     <span class='ocr_line' id='line_1_22' title="bbox 382 2677 2739 2776; baseline 0 -24"><span class='ocrx_word' id='word_1_170' title='bbox 382 2686 530 2776; x_wconf 80' lang='grc' dir='ltr'>δ’ἧν</span> <span class='ocrx_word' id='word_1_171' title='bbox 588 2697 790 2773; x_wconf 82' lang='grc' dir='ltr'>τρεῖς</span> <span class='ocrx_word' id='word_1_172' title='bbox 848 2687 1192 2774; x_wconf 79' lang='grc' dir='ltr'>κεφαλαί</span> <span class='ocrx_word' id='word_1_173' title='bbox 1238 2734 1253 2749; x_wconf 95' lang='grc'><strong>.</strong></span> <span class='ocrx_word' id='word_1_174' title='bbox 1304 2734 1320 2750; x_wconf 94' lang='grc'><strong>.</strong></span> <span class='ocrx_word' id='word_1_175' title='bbox 1371 2735 1385 2750; x_wconf 95' lang='grc'><strong>.</strong></span> <span class='ocrx_word' id='word_1_176' title='bbox 1425 2683 1583 2751; x_wconf 51' lang='grc' dir='ltr'>(Ὅτε</span> <span class='ocrx_word' id='word_1_177' title='bbox 1640 2677 1862 2752; x_wconf 49' lang='grc' dir='ltr'>δὲ’ἐπὶ</span> <span class='ocrx_word' id='word_1_178' title='bbox 1908 2695 2013 2751; x_wconf 81' lang='grc' dir='ltr'>τοῦ</span> <span class='ocrx_word' id='word_1_179' title='bbox 2061 2690 2261 2772; x_wconf 83' lang='grc' dir='ltr'>τρίτου</span> <span class='ocrx_word' id='word_1_180' title='bbox 2306 2695 2411 2752; x_wconf 80' lang='grc' dir='ltr'>τοῦ</span> <span class='ocrx_word' id='word_1_181' title='bbox 2457 2689 2739 2775; x_wconf 83' lang='grc' dir='ltr'>πληθυν-</span> 
     </span>
     <span class='ocr_line' id='line_1_23' title="bbox 383 2787 2737 2883; baseline -0 -24"><span class='ocrx_word' id='word_1_182' title='bbox 383 2804 551 2860; x_wconf 81' lang='grc' dir='ltr'>τικοῦ</span> <span class='ocrx_word' id='word_1_183' title='bbox 597 2804 946 2880; x_wconf 82' lang='grc' dir='ltr'>ποιητικῶς,</span> <span class='ocrx_word' id='word_1_184' title='bbox 1002 2788 1213 2872; x_wconf 72' lang='grc' dir='ltr'>οὕτως,</span> <span class='ocrx_word' id='word_1_185' title='bbox 1262 2789 1424 2879; x_wconf 80' lang='grc' dir='ltr'>Εἰμί,</span> <span class='ocrx_word' id='word_1_186' title='bbox 1472 2798 1540 2858; x_wconf 86' lang='grc' dir='ltr'>τὸ</span> <span class='ocrx_word' id='word_1_187' title='bbox 1587 2787 1847 2881; x_wconf 74' lang='grc' dir='ltr'>ὑπάρχω</span> <span class='ocrx_word' id='word_1_188' title='bbox 1893 2812 1908 2827; x_wconf 90' lang='grc'><em>·</em></span> <span class='ocrx_word' id='word_1_189' title='bbox 1936 2792 2106 2860; x_wconf 82' lang='grc' dir='ltr'>καὶὸ</span> <span class='ocrx_word' id='word_1_190' title='bbox 2134 2800 2584 2879; x_wconf 86' lang='grc' dir='ltr'>παραταττικός</span> <span class='ocrx_word' id='word_1_191' title='bbox 2613 2793 2690 2883; x_wconf 79' lang='grc' dir='ltr'>ἦν</span> <span class='ocrx_word' id='word_1_192' title='bbox 2722 2813 2737 2829; x_wconf 89' lang='grc'><em>·</em></span> 
     </span>
     <span class='ocr_line' id='line_1_24' title="bbox 384 2895 2736 2990; baseline -0 -23"><span class='ocrx_word' id='word_1_193' title='bbox 384 2899 425 2989; x_wconf 86' lang='grc' dir='ltr'>ἡ</span> <span class='ocrx_word' id='word_1_194' title='bbox 508 2905 740 2989; x_wconf 81' lang='grc' dir='ltr'>μετοχὴ</span> <span class='ocrx_word' id='word_1_195' title='bbox 816 2898 903 2975; x_wconf 82' lang='grc' dir='ltr'>εἲς</span> <span class='ocrx_word' id='word_1_196' title='bbox 976 2899 1142 2975; x_wconf 83' lang='grc' dir='ltr'>ἔντος</span> <span class='ocrx_word' id='word_1_197' title='bbox 1159 2919 1173 2933; x_wconf 90' lang='grc'><em>·</em></span> <span class='ocrx_word' id='word_1_198' title='bbox 1250 2903 1359 2965; x_wconf 88' lang='grc' dir='ltr'>καὶ</span> <span class='ocrx_word' id='word_1_199' title='bbox 1435 2898 1667 2986; x_wconf 81' lang='grc' dir='ltr'>ἐκβολῇ</span> <span class='ocrx_word' id='word_1_200' title='bbox 1740 2909 1845 2965; x_wconf 82' lang='grc' dir='ltr'>τοῦ</span> <span class='ocrx_word' id='word_1_201' title='bbox 1919 2901 2046 2978; x_wconf 76' lang='grc' dir='ltr'>’το-ς,</span> <span class='ocrx_word' id='word_1_202' title='bbox 2121 2898 2229 2966; x_wconf 81' lang='grc' dir='ltr'>καὶ</span> <span class='ocrx_word' id='word_1_203' title='bbox 2310 2895 2561 2989; x_wconf 78' lang='grc' dir='ltr'>αι’)ξήσει</span> <span class='ocrx_word' id='word_1_204' title='bbox 2626 2912 2736 2990; x_wconf 86' lang='grc' dir='ltr'>τῆς</span> 
     </span>
     <span class='ocr_line' id='line_1_25' title="bbox 384 3004 2734 3097; baseline 0 -24"><span class='ocrx_word' id='word_1_205' title='bbox 384 3007 702 3097; x_wconf 78' lang='grc' dir='ltr'>ἀρχοὺσης</span> <span class='ocrx_word' id='word_1_206' title='bbox 765 3005 842 3096; x_wconf 83' lang='grc' dir='ltr'>ἦν</span> <span class='ocrx_word' id='word_1_207' title='bbox 860 3025 873 3039; x_wconf 92' lang='grc'><em>·</em></span> <span class='ocrx_word' id='word_1_208' title='bbox 941 3004 1026 3082; x_wconf 77' lang='grc' dir='ltr'>ὣς</span> <span class='ocrx_word' id='word_1_209' title='bbox 1091 3006 1211 3072; x_wconf 77' lang='grc' dir='ltr'>ἀπὸ</span> <span class='ocrx_word' id='word_1_210' title='bbox 1270 3015 1374 3072; x_wconf 84' lang='grc' dir='ltr'>τοῖ)</span> <span class='ocrx_word' id='word_1_211' title='bbox 1432 3004 1792 3091; x_wconf 79' lang='grc' dir='ltr'>ἐγερθέντος</span> <span class='ocrx_word' id='word_1_212' title='bbox 1851 3012 1919 3073; x_wconf 85' lang='grc' dir='ltr'>τὸ</span> <span class='ocrx_word' id='word_1_213' title='bbox 1976 3006 2241 3095; x_wconf 80' lang='grc' dir='ltr'>ἤγερθεν</span> <span class='ocrx_word' id='word_1_214' title='bbox 2297 3011 2407 3074; x_wconf 86' lang='grc' dir='ltr'>καὶ</span> <span class='ocrx_word' id='word_1_215' title='bbox 2475 3005 2595 3073; x_wconf 83' lang='grc' dir='ltr'>ἀπὸ</span> <span class='ocrx_word' id='word_1_216' title='bbox 2665 3016 2734 3073; x_wconf 82' lang='grc' dir='ltr'>τῦ</span> 
     </span>
     <span class='ocr_line' id='line_1_26' title="bbox 384 3110 2819 3203; baseline 0 -24"><span class='ocrx_word' id='word_1_217' title='bbox 384 3119 725 3203; x_wconf 81' lang='grc' dir='ltr'>τυφθέντος</span> <span class='ocrx_word' id='word_1_218' title='bbox 804 3120 871 3181; x_wconf 85' lang='grc' dir='ltr'>τὸ</span> <span class='ocrx_word' id='word_1_219' title='bbox 941 3114 1202 3203; x_wconf 80' lang='grc' dir='ltr'>ἔτυφθεν</span> <span class='ocrx_word' id='word_1_220' title='bbox 1274 3162 1290 3178; x_wconf 94' lang='grc'><strong>.</strong></span> <span class='ocrx_word' id='word_1_221' title='bbox 1340 3162 1355 3177; x_wconf 93' lang='grc'><strong>.</strong></span> <span class='ocrx_word' id='word_1_222' title='bbox 1404 3162 1419 3176; x_wconf 96' lang='grc'><strong>.</strong></span> <span class='ocrx_word' id='word_1_223' title='bbox 1470 3132 1484 3147; x_wconf 93' lang='grc'><em>·</em></span> <span class='ocrx_word' id='word_1_224' title='bbox 1545 3114 1588 3177; x_wconf 87' lang='grc' dir='ltr'>ἃ</span> <span class='ocrx_word' id='word_1_225' title='bbox 1653 3115 1760 3179; x_wconf 86' lang='grc' dir='ltr'>καὶ</span> <span class='ocrx_word' id='word_1_226' title='bbox 1826 3113 1945 3180; x_wconf 85' lang='grc' dir='ltr'>ἀπὸ</span> <span class='ocrx_word' id='word_1_227' title='bbox 2020 3123 2126 3180; x_wconf 79' lang='grc' dir='ltr'>τοῦ</span> <span class='ocrx_word' id='word_1_228' title='bbox 2192 3110 2554 3203; x_wconf 78' lang='grc' dir='ltr'>ἠγέρθησαν</span> <span class='ocrx_word' id='word_1_229' title='bbox 2629 3117 2737 3180; x_wconf 77' lang='grc' dir='ltr'>καὶ</span> <span class='ocrx_word' id='word_1_230' title='bbox 2816 3187 2819 3190; x_wconf 53' lang='grc'>,</span> 
     </span>
     <span class='ocr_line' id='line_1_27' title="bbox 383 3221 2736 3312; baseline 0.001 -24"><span class='ocrx_word' id='word_1_231' title='bbox 383 3221 745 3312; x_wconf 77' lang='grc' dir='ltr'>ἐτὺφθησαν</span> <span class='ocrx_word' id='word_1_232' title='bbox 818 3270 1096 3289; x_wconf 94' lang='grc'><strong>.....</strong></span> <span class='ocrx_word' id='word_1_233' title='bbox 1165 3222 1413 3288; x_wconf 79' lang='grc' dir='ltr'>δι’)ναται</span> <span class='ocrx_word' id='word_1_234' title='bbox 1489 3221 1787 3306; x_wconf 81' lang='grc' dir='ltr'>λέγεσθαι</span> <span class='ocrx_word' id='word_1_235' title='bbox 1865 3225 2028 3288; x_wconf 85' lang='grc' dir='ltr'>κατὰ</span> <span class='ocrx_word' id='word_1_236' title='bbox 2103 3226 2414 3310; x_wconf 84' lang='grc' dir='ltr'>συγκοπήν</span> <span class='ocrx_word' id='word_1_237' title='bbox 2476 3232 2586 3310; x_wconf 85' lang='grc' dir='ltr'>τῆς</span> <span class='ocrx_word' id='word_1_238' title='bbox 2655 3221 2736 3290; x_wconf 69' lang='grc' dir='ltr'>δοῖ</span> 
     </span>
     <span class='ocr_line' id='line_1_28' title="bbox 381 3327 2644 3417; baseline 0 -22"><span class='ocrx_word' id='word_1_239' title='bbox 381 3331 732 3417; x_wconf 83' lang='grc' dir='ltr'>συλλαβῆς,</span> <span class='ocrx_word' id='word_1_240' title='bbox 779 3333 886 3396; x_wconf 84' lang='grc' dir='ltr'>καὶ</span> <span class='ocrx_word' id='word_1_241' title='bbox 944 3329 1248 3416; x_wconf 86' lang='grc' dir='ltr'>συστολὴν</span> <span class='ocrx_word' id='word_1_242' title='bbox 1297 3336 1401 3394; x_wconf 80' lang='grc' dir='ltr'>τοῦ</span> <span class='ocrx_word' id='word_1_243' title='bbox 1449 3328 1493 3417; x_wconf 82' lang='grc' dir='ltr'>ῆ</span> <span class='ocrx_word' id='word_1_244' title='bbox 1538 3327 1626 3402; x_wconf 81' lang='grc' dir='ltr'>εἰς</span> <span class='ocrx_word' id='word_1_245' title='bbox 1670 3329 1725 3404; x_wconf 79' lang='grc' dir='ltr'>ἒ,</span> <span class='ocrx_word' id='word_1_246' title='bbox 1770 3332 1878 3395; x_wconf 86' lang='grc' dir='ltr'>καὶ</span> <span class='ocrx_word' id='word_1_247' title='bbox 1922 3336 2026 3394; x_wconf 81' lang='grc' dir='ltr'>τοῦ</span> <span class='ocrx_word' id='word_1_248' title='bbox 2075 3333 2251 3393; x_wconf 88' lang='grc' dir='ltr'>τόνου</span> <span class='ocrx_word' id='word_1_249' title='bbox 2297 3332 2644 3415; x_wconf 85' lang='grc' dir='ltr'>μετάθεσιν.</span> 
     </span>
    </p>
   </div>
   <div class='ocr_carea' id='block_1_11' title="bbox 379 3451 2735 3864">
    <p class='ocr_par' dir='ltr' id='par_1_11' title="bbox 379 3451 2735 3864">
     <span class='ocr_line' id='line_1_29' title="bbox 672 3451 2731 3540; baseline 0.001 -21"><span class='ocrx_word' id='word_1_250' title='bbox 672 3454 735 3519; x_wconf 87' lang='lat' dir='ltr'><strong>b.</strong></span> <span class='ocrx_word' id='word_1_251' title='bbox 784 3454 855 3519; x_wconf 88' lang='lat' dir='ltr'>in</span> <span class='ocrx_word' id='word_1_252' title='bbox 901 3452 1169 3518; x_wconf 82' lang='lat' dir='ltr'><strong>Hesiodi</strong></span> <span class='ocrx_word' id='word_1_253' title='bbox 1214 3451 1332 3538; x_wconf 88' lang='lat' dir='ltr'><strong>Op.</strong></span> <span class='ocrx_word' id='word_1_254' title='bbox 1378 3453 1529 3533; x_wconf 82' lang='grc'>147,</span> <span class='ocrx_word' id='word_1_255' title='bbox 1574 3452 1893 3533; x_wconf 78' lang='lat' dir='ltr'><strong>Gaisford‚</strong></span> <span class='ocrx_word' id='word_1_256' title='bbox 1934 3454 2107 3537; x_wconf 75' lang='lat' dir='ltr'><strong>poet.</strong></span> <span class='ocrx_word' id='word_1_257' title='bbox 2148 3452 2306 3519; x_wconf 87' lang='lat' dir='ltr'><strong>min.</strong></span> <span class='ocrx_word' id='word_1_258' title='bbox 2334 3452 2452 3533; x_wconf 88' lang='grc' dir='ltr'>ΙΙΙ,</span> <span class='ocrx_word' id='word_1_259' title='bbox 2484 3477 2547 3540; x_wconf 88' lang='lat' dir='ltr'><strong>p.</strong></span> <span class='ocrx_word' id='word_1_260' title='bbox 2582 3455 2731 3522; x_wconf 85' lang='lat'><strong>111.</strong></span> 
     </span>
     <span class='ocr_line' id='line_1_30' title="bbox 381 3557 2735 3653; baseline 0.001 -26"><span class='ocrx_word' id='word_1_261' title='bbox 381 3560 470 3628; x_wconf 85' lang='grc' dir='ltr'>Τὸ</span> <span class='ocrx_word' id='word_1_262' title='bbox 535 3559 611 3649; x_wconf 79' lang='grc' dir='ltr'>ἦν</span> <span class='ocrx_word' id='word_1_263' title='bbox 677 3561 811 3628; x_wconf 85' lang='grc' dir='ltr'>ἀντὶ</span> <span class='ocrx_word' id='word_1_264' title='bbox 875 3570 979 3626; x_wconf 77' lang='grc' dir='ltr'>τοῦ</span> <span class='ocrx_word' id='word_1_265' title='bbox 1048 3559 1225 3649; x_wconf 79' lang='grc' dir='ltr'>ἦσαν,</span> <span class='ocrx_word' id='word_1_266' title='bbox 1295 3557 1380 3635; x_wconf 79' lang='grc' dir='ltr'>ὥς</span> <span class='ocrx_word' id='word_1_267' title='bbox 1449 3565 1559 3627; x_wconf 88' lang='grc' dir='ltr'>καὶ</span> <span class='ocrx_word' id='word_1_268' title='bbox 1624 3564 1795 3647; x_wconf 85' lang='grc' dir='ltr'>παρὰ</span> <span class='ocrx_word' id='word_1_269' title='bbox 1853 3559 2174 3649; x_wconf 77' lang='grc' dir='ltr'>Σοφοκλεῖ,</span> <span class='ocrx_word' id='word_1_270' title='bbox 2233 3559 2319 3650; x_wconf 82' lang='grc' dir='ltr'>ἦν</span> <span class='ocrx_word' id='word_1_271' title='bbox 2379 3562 2456 3628; x_wconf 84' lang='grc' dir='ltr'>δὲ</span> <span class='ocrx_word' id='word_1_272' title='bbox 2512 3561 2735 3653; x_wconf 76' lang='grc' dir='ltr'>ἀμφί·</span> 
     </span>
     <span class='ocr_line' id='line_1_31' title="bbox 379 3668 2732 3759; baseline 0 -24"><span class='ocrx_word' id='word_1_273' title='bbox 379 3671 693 3735; x_wconf 87' lang='grc' dir='ltr'>πλεκτοι</span> <span class='ocrx_word' id='word_1_274' title='bbox 736 3671 1150 3756; x_wconf 86' lang='grc' dir='ltr'>κλίμακες·</span> <span class='ocrx_word' id='word_1_275' title='bbox 1206 3674 1313 3735; x_wconf 83' lang='grc' dir='ltr'>καὶ</span> <span class='ocrx_word' id='word_1_276' title='bbox 1360 3668 1480 3734; x_wconf 83' lang='grc' dir='ltr'>ἀπὸ</span> <span class='ocrx_word' id='word_1_277' title='bbox 1537 3671 1751 3735; x_wconf 74' lang='grc' dir='ltr'>τοῦτου</span> <span class='ocrx_word' id='word_1_278' title='bbox 1794 3669 2018 3751; x_wconf 82' lang='grc' dir='ltr'>γίνεται</span> <span class='ocrx_word' id='word_1_279' title='bbox 2062 3670 2226 3734; x_wconf 81' lang='grc' dir='ltr'>κατὰ</span> <span class='ocrx_word' id='word_1_280' title='bbox 2270 3672 2577 3758; x_wconf 85' lang='grc' dir='ltr'>συγκοπήν</span> <span class='ocrx_word' id='word_1_281' title='bbox 2620 3680 2732 3759; x_wconf 90' lang='grc' dir='ltr'>τῆς</span> 
     </span>
     <span class='ocr_line' id='line_1_32' title="bbox 380 3778 852 3864; baseline -0.004 -21"><span class='ocrx_word' id='word_1_282' title='bbox 380 3780 462 3843; x_wconf 70' lang='grc' dir='ltr'>ὀῖι</span> <span class='ocrx_word' id='word_1_283' title='bbox 509 3778 852 3864; x_wconf 86' lang='grc' dir='ltr'>συλλαβῆς.</span> 
     </span>
    </p>
   </div>
   <div class='ocr_carea' id='block_1_12' title="bbox 380 3917 2729 4221">
    <p class='ocr_par' dir='ltr' id='par_1_12' title="bbox 380 3917 2729 4221">
     <span class='ocr_line' id='line_1_33' title="bbox 559 3917 2729 4005; baseline -0 -19"><span class='ocrx_word' id='word_1_284' title='bbox 559 3917 794 3986; x_wconf 80' lang='lat' dir='ltr'><strong>Omnia</strong></span> <span class='ocrx_word' id='word_1_285' title='bbox 857 3921 1018 3984; x_wconf 79' lang='lat' dir='ltr'><strong>haec</strong></span> <span class='ocrx_word' id='word_1_286' title='bbox 1080 3918 1456 3985; x_wconf 72' lang='lat' dir='ltr'><strong>testimonia.</strong></span> <span class='ocrx_word' id='word_1_287' title='bbox 1519 3923 1786 4003; x_wconf 73' lang='lat' dir='ltr'><strong>excepto</strong></span> <span class='ocrx_word' id='word_1_288' title='bbox 1850 3918 2277 4005; x_wconf 62' lang='lat' dir='ltr'><strong>grammassico</strong></span> <span class='ocrx_word' id='word_1_289' title='bbox 2341 3920 2526 3984; x_wconf 77' lang='lat' dir='ltr'><strong>sexto</strong></span> <span class='ocrx_word' id='word_1_290' title='bbox 2590 3917 2729 3985; x_wconf 79' lang='lat' dir='ltr'><strong>loco</strong></span> 
     </span>
     <span class='ocr_line' id='line_1_34' title="bbox 382 4020 2726 4112; baseline 0 -22"><span class='ocrx_word' id='word_1_291' title='bbox 382 4026 585 4092; x_wconf 73' lang='lat' dir='ltr'><strong>allato</strong></span> <span class='ocrx_word' id='word_1_292' title='bbox 647 4028 718 4092; x_wconf 88' lang='lat' dir='ltr'>in</span> <span class='ocrx_word' id='word_1_293' title='bbox 780 4049 984 4093; x_wconf 86' lang='lat' dir='ltr'>unum</span> <span class='ocrx_word' id='word_1_294' title='bbox 1037 4027 1250 4092; x_wconf 81' lang='lat' dir='ltr'>locum</span> <span class='ocrx_word' id='word_1_295' title='bbox 1305 4024 1476 4110; x_wconf 87' lang='lat' dir='ltr'><strong>quod</strong></span> <span class='ocrx_word' id='word_1_296' title='bbox 1535 4028 1854 4111; x_wconf 76' lang='lat' dir='ltr'><strong>spectant,</strong></span> <span class='ocrx_word' id='word_1_297' title='bbox 1920 4026 1991 4093; x_wconf 89' lang='lat' dir='ltr'>in</span> <span class='ocrx_word' id='word_1_298' title='bbox 2046 4024 2198 4092; x_wconf 79' lang='lat' dir='ltr'><strong>Hes,</strong></span> <span class='ocrx_word' id='word_1_299' title='bbox 2257 4024 2503 4112; x_wconf 79' lang='lat' dir='ltr'><strong>Theog.</strong></span> <span class='ocrx_word' id='word_1_300' title='bbox 2560 4020 2726 4091; x_wconf 78' lang='lat'><strong>351:</strong></span> 
     </span>
     <span class='ocr_line' id='line_1_35' title="bbox 380 4129 2729 4221; baseline 0.001 -25"><span class='ocrx_word' id='word_1_301' title='bbox 380 4129 511 4220; x_wconf 84' lang='grc' dir='ltr'>Τῆς</span> <span class='ocrx_word' id='word_1_302' title='bbox 569 4131 698 4221; x_wconf 82' lang='grc' dir='ltr'>δ’ἧν</span> <span class='ocrx_word' id='word_1_303' title='bbox 755 4143 913 4219; x_wconf 90' lang='grc' dir='ltr'>τρεῖς</span> <span class='ocrx_word' id='word_1_304' title='bbox 967 4132 1262 4211; x_wconf 77' lang='grc' dir='ltr'>κεφαλαί,</span> <span class='ocrx_word' id='word_1_305' title='bbox 1320 4132 1457 4198; x_wconf 83' lang='lat' dir='ltr'><strong>sive</strong></span> <span class='ocrx_word' id='word_1_306' title='bbox 1512 4134 1686 4200; x_wconf 81' lang='lat' dir='ltr'><strong>hunc</strong></span> <span class='ocrx_word' id='word_1_307' title='bbox 1745 4134 2045 4212; x_wconf 64' lang='lat' dir='ltr'><strong>afferuniz,</strong></span> <span class='ocrx_word' id='word_1_308' title='bbox 2091 4134 2168 4198; x_wconf 75' lang='lat' dir='ltr'>ut</span> <span class='ocrx_word' id='word_1_309' title='bbox 2210 4154 2356 4200; x_wconf 82' lang='lat' dir='ltr'>cum</span> <span class='ocrx_word' id='word_1_310' title='bbox 2401 4131 2532 4197; x_wconf 81' lang='lat' dir='ltr'><strong>alio</strong></span> <span class='ocrx_word' id='word_1_311' title='bbox 2577 4152 2729 4199; x_wconf 78' lang='lat' dir='ltr'><strong>oon·</strong></span> 
     </span>
    </p>
   </div>
   <div class='ocr_carea' id='block_1_13' title="bbox 379 4275 912 4286">
    <p class='ocr_par' dir='ltr' id='par_1_13' title="bbox 379 4275 912 4286">
     <span class='ocr_line' id='line_1_36' title="bbox 379 4275 912 4286; baseline 0 742"><span class='ocrx_word' id='word_1_312' title='bbox 379 4275 912 4286; x_wconf 95' lang='lat' dir='ltr'> </span> 
     </span>
    </p>
   </div>
   <div class='ocr_carea' id='block_1_14' title="bbox 377 4341 2727 4508">
    <p class='ocr_par' dir='ltr' id='par_1_14' title="bbox 377 4341 2727 4508">
     <span class='ocr_line' id='line_1_37' title="bbox 560 4341 2727 4486; baseline -0.008 -71"><span class='ocrx_word' id='word_1_313' title='bbox 560 4343 635 4414; x_wconf 75' lang='lat'>²¹)</span> <span class='ocrx_word' id='word_1_314' title='bbox 674 4345 958 4401; x_wconf 64' lang='lat' dir='ltr'><strong>Bekkemss</strong></span> <span class='ocrx_word' id='word_1_315' title='bbox 1000 4346 1130 4417; x_wconf 68' lang='lat' dir='ltr'>1³0⁸t</span> <span class='ocrx_word' id='word_1_316' title='bbox 1170 4342 1450 4408; x_wconf 68' lang='grc' dir='ltr'>Ἀππιανὸς</span> <span class='ocrx_word' id='word_1_317' title='bbox 1497 4348 1773 4403; x_wconf 72' lang='lat' dir='ltr'><strong>commate</strong></span> <span class='ocrx_word' id='word_1_318' title='bbox 1819 4345 2119 4417; x_wconf 70' lang='lat' dir='ltr'><strong>distinguit</strong></span> <span class='ocrx_word' id='word_1_319' title='bbox 2153 4345 2251 4414; x_wconf 76' lang='lat' dir='ltr'>ita,</span> <span class='ocrx_word' id='word_1_320' title='bbox 2289 4346 2356 4400; x_wconf 74' lang='lat' dir='ltr'>ut</span> <span class='ocrx_word' id='word_1_321' title='bbox 2390 4341 2442 4396; x_wconf 67' lang='grc' dir='ltr'>ὃν</span> <span class='ocrx_word' id='word_1_322' title='bbox 2463 4349 2528 4486; x_wconf 71' lang='grc' dir='ltr'>τῆ</span> <span class='ocrx_word' id='word_1_323' title='bbox 2565 4341 2727 4399; x_wconf 62' lang='grc' dir='ltr'>Βασι»</span> 
     </span>
     <span class='ocr_line' id='line_1_38' title="bbox 377 4429 1478 4508; baseline 0.004 -20"><span class='ocrx_word' id='word_1_324' title='bbox 377 4432 461 4488; x_wconf 82' lang='grc' dir='ltr'>λικ</span> <span class='ocrx_word' id='word_1_325' title='bbox 430 4438 498 4506; x_wconf 79' lang='grc' dir='ltr'>κῇ</span> <span class='ocrx_word' id='word_1_326' title='bbox 536 4431 690 4507; x_wconf 75' lang='grc' dir='ltr'>ἔριδες</span> <span class='ocrx_word' id='word_1_327' title='bbox 728 4429 794 4508; x_wconf 84' lang='grc' dir='ltr'>ἦν</span> <span class='ocrx_word' id='word_1_328' title='bbox 831 4435 995 4490; x_wconf 76' lang='lat' dir='ltr'><strong>unius</strong></span> <span class='ocrx_word' id='word_1_329' title='bbox 1029 4435 1143 4490; x_wconf 74' lang='lat' dir='ltr'><strong>sint</strong></span> <span class='ocrx_word' id='word_1_330' title='bbox 1179 4434 1478 4492; x_wconf 74' lang='lat' dir='ltr'><strong>enuntiati.</strong></span> 
     </span>
    </p>
   </div>
  </div>
 </body>
</html>
