3226 5028
1604 248 1690 315 26

468 447 578 512 ubi
625 445 1078 514 Mommsenius
1126 452 1384 533 praeter
1430 447 1878 514 necessitatem
1934 450 2225 534 γαρὺεται
2270 446 2515 515 scribit.
2609 445 2811 523 Quem

469 553 549 619 ad
597 555 804 619 locum
851 554 1040 634 idem,
1090 554 1261 620 Ann.
1311 555 1454 621 crit.
1504 577 1688 640 supp.
1735 576 1885 641 pag.
1936 553 2041 636 34,
2089 554 2269 622 ‘Sch.
2321 553 2526 633 Pind.,
2576 553 2807 640 inquit,

469 682 600 726 non
657 660 846 726 facile
903 660 1350 727 removebitur.
1456 660 1636 738 Quod
1695 661 1905 728 Attici
1962 665 2184 745 postea
2238 661 2585 727 artioribus
2642 661 2812 726 limi-

471 767 643 833 tibus
718 768 1352 853 circumscripserunt
1426 769 1520 855 ita
1584 771 1660 833 ut
1724 769 2015 834 neutrius
2079 769 2333 856 generis
2402 767 2811 835 substantiva

470 876 808 940 collectivo
852 875 1188 940 intellectu
1247 896 1390 940 eum
1436 875 1755 962 singulari
1812 874 1992 940 verbi
2038 876 2325 961 copulari
2372 874 2698 953 deberent,
2744 872 2812 938 id

468 982 621 1045 olim
665 982 1024 1064 paullulum
1069 984 1410 1048 fluctuasse
1455 982 1730 1060 videtur,
1778 984 1853 1047 ut
1897 983 2092 1048 etiam
2140 980 2310 1066 apud
2355 982 2635 1069 plurales
2682 982 2812 1047 col-

467 1087 731 1153 lectivos
779 1089 1033 1174 generis
1079 1110 1211 1153 non
1258 1090 1550 1155 neutrius
1597 1088 2074 1155 admitteretur.
2149 1089 2254 1154 Ita
2298 1094 2609 1176 μαθόντες
2657 1090 2812 1154 sunt

468 1214 670 1279 genus
728 1196 1061 1261 sciolorum
1081 1244 1096 1273 ‚
1156 1197 1231 1259 ut
1288 1194 1388 1261 Ol.
1447 1194 1528 1274 X,
1577 1197 1617 1260 6
1665 1191 1841 1282 ὕμνοι
1897 1197 2054 1261 sunt
2098 1216 2301 1281 genus
2346 1198 2559 1263 totum
2606 1194 2813 1262 canti-

467 1322 716 1380 corum,
776 1323 1049 1386 quorum
1105 1324 1442 1368 numerum
1499 1300 1908 1369 indefinitum
1967 1302 2152 1387 quasi
2199 1303 2270 1366 in
2318 1324 2517 1367 unum
2562 1304 2813 1368 coarcet

468 1409 808 1494 insequens
875 1407 1137 1474 verbum
1199 1411 1511 1489 τέλλεται,
1579 1411 1653 1474 ut
1715 1410 1836 1476 hoc
1893 1410 2031 1477 loco
2095 1409 2418 1476 infinitam
2476 1409 2808 1475 sciolorum

471 1516 732 1580 turbam
764 1515 1027 1580 verbum
1074 1516 1404 1602 γαρὺεται.’
1496 1515 1589 1580 At
1636 1512 1737 1580 Ol.
1786 1515 1864 1595 X,
1914 1519 1975 1597 6,
2023 1538 2209 1602 quem
2258 1517 2467 1582 locum
2513 1518 2587 1579 ut
2630 1537 2813 1581 suam

468 1622 692 1687 fulciat
737 1624 1172 1689 coniecturam
1220 1623 1407 1688 affert
1453 1622 1933 1704 MommseniuS,
1980 1645 2112 1689 non
2158 1622 2236 1688 de
2264 1624 2404 1689 toto
2432 1621 2812 1706 hymnorum

470 1749 732 1814 genere,
792 1728 901 1796 sed
959 1729 1036 1796 de
1095 1752 1227 1796 uno
1283 1732 1545 1795 tantum
1602 1730 1842 1815 hymno
1893 1730 1976 1796 ad
2021 1732 2263 1797 certam
2310 1752 2445 1796 rem
2493 1731 2813 1815 spectanti

469 1841 569 1903 est
616 1837 1058 1924 cogitandum.
1129 1836 1251 1905 ’01.
1299 1838 1379 1920 Χ,
1428 1838 1469 1903 6
1517 1839 1688 1905 0111111
1733 1838 1824 1905 sic
1869 1838 2141 1924 legitur:

557 1943 610 2009 εἰ
655 1946 720 2010 δὲ
766 1949 873 2012 σὺν
930 1953 1095 2033 πόνῳ
1155 1970 1244 2022 τις
1302 1943 1367 2012 εὖ
1424 1951 1714 2032 πράσσοι,
1763 1948 2124 2032 μελιγάρυες
2169 1941 2385 2032 ὕμνοι

557 2047 822 2139 ὃστὲρων
870 2053 1063 2140 ἀρχαὶ
1111 2055 1308 2136 λόγων

558 2161 913 2224 τέλλεται
960 2164 1067 2225 καὶ
1112 2164 1318 2226 πιστὸν
1367 2157 1571 2245 ὅρκιον
1620 2162 1921 2247 μεγάλαις
1970 2159 2237 2245 ἀρεταῖς.

467 2265 606 2343 Quo
666 2265 744 2330 (10
799 2268 940 2331 1000
1003 2265 1225 2332 Astius
1288 2265 1370 2331 ad
1425 2265 1592 2332 Plat.
1658 2266 1926 2332 Phaedr.
1978 2269 2107 2332 263
2155 2267 2408 2350 (comm.
2456 2289 2605 2355 pag.
2655 2266 2813 2349 370)

468 2373 626 2439 dicit
679 2370 856 2460 ὕμνοι
911 2372 1240 2438 collective
1299 2373 1580 2457 positum
1640 2397 1795 2454 esse,
1856 2377 1928 2438 ut
1983 2376 2050 2439 et
2094 2395 2212 2439 nos
2259 2396 2510 2459 quoque
2550 2373 2814 2440 ‘Lieder’

468 2483 565 2547 ita
621 2480 943 2560 adhibere,
1005 2484 1078 2546 ut
1136 2502 1338 2547 unum
1385 2479 1571 2547 modo
1620 2483 1906 2563 cantum,
1966 2482 2221 2549 etiamsi
2268 2479 2547 2548 eiusdem
2597 2481 2809 2549 varias

473 2587 710 2674 species
757 2586 1213 2673 significemus.
1320 2585 1532 2652 Codex
1580 2589 1839 2672 quidem
1884 2589 2167 2674 optimus
2213 2588 2681 2655 Ambrosianus
2728 2589 2812 2674 (A

469 2694 900 2777 Mommsenii)
958 2716 1122 2760 saec.
1181 2693 1306 2759 XII
1363 2693 1470 2761 hic
1528 2695 1701 2783 ἀρχὰ
1758 2696 2052 2781 praebet3
2112 2718 2309 2781 quam
2373 2697 2715 2763 lectionem
2760 2697 2814 2762 si

469 2805 782 2881 tenemus,
856 2802 1117 2868 verbum
1176 2802 1503 2890 singulare
1560 2802 1658 2868 ita
1712 2805 1929 2888 potest
1988 2803 2345 2887 explanari,
2412 2806 2488 2869 ut
2534 2793 2812 2870 τέλλεται

470 2909 1018 2976 accommodatum
1065 2909 1152 2975 sit
1207 2909 1575 2992 praedicato
1623 2912 1912 2995 proximo
1960 2910 2279 2996 singulari
2327 2911 2516 2998 ἀρχά,
2564 2934 2694 2997 qua
2741 2933 2810 2977 re

470 3016 600 3083 sch.
664 3016 732 3081 P.
782 3016 1057 3083 tollitur.
1149 3016 1423 3083 Etiamsi
1485 3020 1703 3082 autem
1747 3016 1855 3082 1110
1899 3019 2355 3084 auctoritatem
2404 3016 2539 3083 cod.
2590 3016 2815 3085 Ambr.

468 3147 598 3191 non
656 3126 987 3208 sequimur
1044 3128 1111 3190 et
1158 3146 1301 3189 cum
1362 3124 1684 3209 plerisque
1731 3126 1926 3208 atque
1976 3145 2107 3189 non
2154 3124 2447 3208 pessimis
2496 3123 2818 3192 codicibus

471 3232 665 3319 ἀρχαὶ
733 3231 1107 3298 adhibemus
1124 3281 1139 3309 ‚
1207 3235 1486 3300 τέλλεται
1549 3232 1963 3298 offensionem
2022 3231 2324 3317 praebere
2391 3253 2519 3296 non
2581 3235 2814 3318 potest.

470 3335 648 3426 ὕμνοι
695 3340 865 3404 0111111
910 3338 1018 3403 1110
1061 3339 1457 3425 singularem
1485 3340 1817 3406 notionem
1846 3338 2081 3405 habere
2109 3358 2261 3405 voce
2289 3340 2582 3424 sequenti
2612 3338 2816 3426 ὅρκιον

471 3445 629 3511 1111111
677 3445 931 3511 videtur
976 3444 1207 3513 doceri.
1281 3446 1524 3513 Deinde
1572 3447 1765 3534 ἀρχαὶ
1810 3469 1934 3512 vox
1965 3448 2031 3511 et
2077 3446 2214 3529 ipsa
2241 3444 2634 3532 singularem
2665 3469 2819 3533 prae

470 3576 537 3618 se
584 3554 712 3618 fert
772 3555 929 3633 vim,
988 3552 1157 3638 quod
1216 3556 1548 3638 complura
1603 3554 1798 3620 initia
1844 3553 2105 3618 omnino
2154 3574 2284 3618 non
2330 3556 2600 3638 possunt
2644 3553 2818 3641 cogi-

475 3661 621 3738 tari,
669 3660 973 3743 quoniam
1018 3683 1151 3726 una
1196 3660 1540 3747 eademque
1587 3682 1689 3727 res
1734 3662 1991 3726 tantum
2038 3660 2232 3724 semel
2259 3658 2538 3745 incipere
2584 3662 2817 3745 potest.

471 3765 776 3833 Videmus
850 3767 1056 3852 igitur
1132 3789 1396 3852 prorsus
1472 3767 1672 3834 aliam
1735 3788 1995 3833 causam
2063 3766 2168 3831 1110
2236 3765 2429 3831 verbo
2504 3766 2819 3853 singulari

470 3873 746 3940 subesse.
838 3873 1072 3959 Itaque
1120 3875 1318 3941 etiam
1365 3872 1465 3940 Ol.
1513 3875 1598 3955 Π,
1651 3876 1731 3940 87
1782 3878 2072 3961 γαρὺεται
2118 3871 2228 3936 vix
2273 3872 2534 3957 probari
2578 3874 2815 3956 potest.

471 3980 636 4047 Sane
692 3979 799 4045 1110
854 3978 931 4046 de
989 3983 1130 4046 toto
1187 3982 1527 4047 sciolorum
1585 4003 1822 4068 genere
1879 4004 1954 4047 eo
2012 3979 2432 4066 cogitandum
2478 3982 2596 4059 est,
2645 3978 2817 4064 quod

468 4087 883 4153 enuntiatum
902 4089 1265 4155 universum
1286 4086 1482 4154 habet
1499 4111 1752 4155 sensum
1769 4112 1784 4165 3
1811 4093 1883 4153 at
1904 4085 2255 4172 quaeritur,
2279 4108 2434 4152 num
2459 4085 2618 4152 haec
2640 4086 2820 4153 verbi

470 4193 822 4280 singularis
869 4214 1063 4259 causa
1107 4192 1215 4258 1110
1261 4216 1397 4259 esse
1441 4195 1667 4278 possit.
1760 4194 1912 4260 Alio
1959 4193 2131 4261 enim
2176 4195 2317 4258 loco
2364 4192 2592 4258 similis
2640 4191 2819 4259 verbi

469 4300 814 4387 singularis
859 4299 1109 4367 nomini
1153 4301 1496 4385 postpositi
1540 4324 1691 4367 usus
1738 4324 1870 4369 non
1908 4302 2124 4388 potest
2163 4300 2621 4378 demonstrari3
2670 4321 2820 4365 nam

470 4408 702 4492 quibus
734 4409 877 4474 aliis
904 4407 1058 4475 locis
1095 4407 1349 4476 verbum
1382 4408 1628 4477 nomini
1652 4407 1969 4486 succedat,
2002 4406 2236 4495 ubique
2263 4407 2443 4477 notio
2471 4405 2820 4494 singularis
