3226 5028
1418 321 1447 361 ,ζ
1471 272 1560 337 47

332 471 451 554 γὰρ
497 466 659 534 δυοῖν
707 468 1023 556 ὀνομάτων
1071 471 1296 555 μεταξὺ
1324 471 1644 544 πίπτοντος
1672 472 2092 557 πληθυντικοῦ
2118 450 2414 557 ρήματοςῖ
2449 466 2681 535 Ἔνθα

334 579 445 661 μὲν
477 572 579 653 ,εἰς
626 574 756 641 κτὲ·
805 575 880 641 Εἰ
926 577 994 641 δέ
1037 579 1096 642 κ’
1134 574 1343 665 Ἀρης
1389 574 1514 643 κτὲ.
1613 646 1617 648 ,
1726 595 1732 601 ·

513 720 574 782 3.
625 716 877 784 Schol.
928 719 1017 784 ad
1062 718 1473 799 Homeri29)

631 849 690 891 a.
737 826 810 904 E,
876 826 1025 890 774.
1085 824 1369 892 Dindorf
1407 825 1458 906 Ι,
1523 846 1585 908 p.
1636 824 1786 890 221.
1848 824 1940 892 ὅτι
2003 831 2071 891 τὸ
2116 825 2256 892 κατ’
2321 825 2682 914 ἀμφοτέρων

343 930 516 1021 ῥῆμα
565 934 789 1018 μεταξὺ
837 945 955 998 τῶν
1002 932 1319 1020 ὀνομάτων
1366 938 1644 1020 τέταχεν·
1710 932 1829 997 ἔδει
1884 938 2021 1020 γάρ,
2088 933 2199 1022 ἧχι
2246 931 2395 1019 ῥοὰς
2442 931 2684 1020 Σιμόεις

335 1043 444 1104 καὶ
489 1037 890 1126 Σκάμανδρος
937 1042 1378 1125 συμβάλλετον.
1471 1036 1688 1125 Τοὺτῳ
1736 1040 1801 1103 δὲ
1849 1052 1932 1125 τῷ
1980 1040 2113 1105 ἔθει
2159 1043 2533 1107 πεπλεόνακε
2578 1043 2686 1106 καὶ

335 1143 642 1232 Ἀλκμάν·
708 1148 799 1212 διὸ
865 1151 970 1214 καὶ
1027 1148 1307 1238 καλεῖται
1363 1144 1807 1232 Ἀλκμανικόν,
1866 1142 1985 1235 οὔχ
2045 1144 2137 1212 ὅτι
2200 1143 2387 1222 αὐτὸς
2443 1134 2683 1234 πρῶτος

337 1250 670 1341 ἐχρήσατο,
753 1253 894 1319 ἀλλ’
972 1253 1065 1321 ὅτι
1138 1258 1389 1342 τοιοὺτῳ
1454 1255 1587 1320 ἔθει
1655 1256 2086 1321 πεπλεόνακεν.
2187 1251 2276 1319 Τὸ
2335 1255 2400 1319 δὲ
2466 1244 2685 1343 σχῆμα

336 1357 765 1446 προεπίζευξις·
789 1365 1042 1448 προθεὶς
1071 1365 1186 1449 γὰρ
1213 1363 1277 1428 ἓν
1300 1363 1496 1447 ὄνομα
1522 1359 1826 1445 (ἑνικὸν)
1852 1362 2057 1427 δυϊκὸν
2082 1359 2336 1450 (ῥῆμα)
2361 1359 2567 1444 ἐπάγει
2594 1359 2686 1449 (ἢ)

337 1468 775 1556 πληθυντικόν,
822 1472 931 1535 καὶ
975 1470 1189 1535 λοιπὸν
1238 1468 1584 1557 ἀναπληροῖ
1625 1479 1701 1554 τῇ
1750 1467 2078 1556 ἀπαγωγῆ·
2127 1467 2307 1556 ἧμέν
2339 1469 2414 1556 δὴ
2447 1471 2687 1554 θάρσος

340 1597 441 1661 μοι
491 1593 505 1607 ·
553 1574 712 1640 ἔνθα
759 1573 867 1661 μὲν
912 1574 1000 1651 εἷς
1045 1574 1392 1665 Ἀχέροντα
1414 1596 1428 1610 ·
1476 1573 1528 1641 εὶ
1574 1577 1641 1640 δὲ
1686 1575 1744 1641 κ’
1777 1573 1988 1664 Ἀρης
2033 1573 2159 1641 κτὲ.
2231 1573 2373 1640 sch.
2408 1573 2681 1640 Veneta.

630 1681 692 1746 b.
751 1679 823 1761 Υ,
876 1681 1022 1747 138.
1103 1682 1389 1749 Dindorf
1440 1683 1525 1763 ΙΙ,
1591 1707 1655 1769 p.
1722 1682 1848 1748 138
1909 1684 1977 1748 et
2019 1680 2131 1760 IV,
2193 1681 2344 1747 237.
2431 1680 2690 1747 Bekker

341 1810 405 1871 p.
452 1786 601 1853 556.
695 1787 728 1853 ὁ
793 1790 859 1853 δὲ
904 1788 1197 1879 ’Ὄμηρος
1256 1796 1325 1856 τὸ
1381 1790 1517 1856 κατ’
1576 1788 1939 1878 ἀμφοτέρων
1986 1801 2105 1854 τῶν
2153 1788 2468 1876 ὀνομάτων
2514 1792 2687 1854 τιθέ-

345 1917 523 1980 μενον
570 1892 738 1984 ῥῆμα
785 1897 975 1961 εἴωθέ
1018 1920 1182 1977 ποτε,
1229 1902 1297 1962 τὸ
1344 1896 1545 1983 ἕτερον
1585 1896 1894 1982 προτάξας
1925 1897 2140 1983 ὄνομα,
2172 1897 2395 1983 μεταξὺ
2424 1901 2687 1962 τάσσειν·

344 1999 456 2089 ἧχι
519 1999 669 2087 ῥοὰς
714 2001 839 2069 κτὲ·
904 2008 1030 2083 καὶ,
1097 2004 1256 2068 ἔνθα
1312 2009 1420 2091 μὲν
1480 2001 1565 2078 εἰς
1623 2002 1746 2070 κτέ.
1848 2002 1979 2069 Καὶ
2038 2006 2229 2089 τουτῳ
2276 2005 2688 2069 πεπλεόνακεν

340 2105 647 2194 Ἀλκμάν,
715 2111 806 2175 διὸ
871 2115 980 2177 καὶ
1042 2110 1464 2198 Ἀλκμανικὸν
1529 2113 1831 2192 καλεῖται,
1898 2106 2017 2197 οὔχ
2075 2108 2166 2175 ὅτι
2222 2121 2463 2197 πρῶτος
2522 2106 2690 2196 αὐτῷ

343 2214 677 2303 ἐχρήσατο.
2132 2215 2277 2283 Sch.
2328 2214 2600 2283 Venata.

344 2326 412 2387 τὸ
477 2324 544 2387 δὲ
611 2334 828 2412 σχῆμα
891 2327 1141 2392 καλεῖτο
1197 2325 1620 2413 Ἀλκμανικόν
1682 2345 1696 2359 ·
1757 2329 2280 2410 κατακορέστερον
2343 2327 2459 2411 γὰρ
2524 2320 2690 2411 αὐτῷ

351 2441 581 2520 χρῆται
628 2430 661 2496 ὁ
707 2431 993 2520 Ἀλκμάν
1043 2451 1058 2466 ·
1105 2433 1230 2498 ἔστι
1276 2433 1341 2497 δὲ
1386 2433 1818 2519 προεπίζευξις.
1911 2430 2056 2497 Sch.
2086 2430 2339 2497 Veneta
2368 2433 2599 2496 altera.

613 2562 665 2605 c.
714 2564 774 2619 κ,
822 2539 955 2604 513
1004 2539 1301 2606 Dindorf.
1351 2545 1420 2605 τὸ
1460 2540 1623 2629 ὲξῆς,
1671 2541 1831 2606 ἔνθα
1861 2544 1970 2626 μὲν
1999 2537 2086 2615 εἰς
2113 2538 2466 2626 Ἀχέροντα
2497 2538 2692 2625 Πυρι-

348 2647 669 2733 φλεγέθων
717 2671 780 2712 τε
826 2652 935 2714 καὶ
979 2646 1279 2723 Κωκυτὸς
1325 2638 1549 2733 ῥέουσι.
1641 2645 1730 2713 Τὸ
1778 2649 1844 2713 δὲ
1878 2659 2098 2736 σχῆμα
2126 2649 2407 2714 καλεῖται
2453 2647 2693 2732 προδιε-

351 2755 693 2839 ζευγμένον,
751 2752 897 2820 ὅταν
955 2760 1022 2820 τὸ
1081 2756 1303 2842 μεταξὺ
1350 2756 1458 2822 δυο
1504 2754 1823 2842 ὀνομάτων
1870 2752 2085 2821 ἑνικῶν
2132 2757 2549 2844 πληθυντικὸν
2594 2778 2693 2819 τε-

347 2863 438 2945 θῇ
489 2858 678 2948 ῥῆμα·
754 2871 930 2927 τοῦτο
993 2865 1274 2928 καλεῖται
1320 2861 1743 2949 Ἀλκμανικὸν
1808 2858 1928 2950 οὔχ
1984 2859 2074 2926 ὅτι
2118 2859 2404 2948 Ἀλκμὰν
2450 2874 2692 2947 πρῶτος

349 2962 513 3055 αὐτῷ
579 2966 913 3057 ἐχρήσατο,
984 2968 1125 3034 ἀλλ’
1190 2967 1283 3034 ὅτι
1347 2970 1539 3034 πολὺ,
1571 2967 1699 3034 ἐστι
1744 2967 1890 3055 παρ’
1938 2964 2103 3054 αὐτῷ
2152 2986 2169 3003 ·
2216 2967 2374 3047 οἷον,
2422 2964 2693 3056 Κάστωρ

349 3071 556 3140 ὠκέων
602 3077 825 3140 πώλων
871 3074 1169 3164 ἐλατῆρες
1216 3080 1322 3142 καὶ
1363 3074 1763 3164 Πολυδεὺκης
1796 3095 1810 3110 ·
1840 3074 2047 3162 ὁμοῖον
2076 3076 2144 3140 δέ
2174 3074 2299 3142 ἐστι
2331 3081 2398 3141 τὸ
2427 3087 2646 3165 σχῆμα
2678 3095 2692 3110 ·

349 3178 403 3246 εὶ
448 3183 514 3247 δὲ
558 3181 618 3249 κ’
649 3179 859 3271 Ἄρης
904 3180 1010 3248 κτὲ
1059 3202 1073 3216 ·
1119 3186 1228 3249 καὶ
1276 3202 1290 3217 ·
1339 3183 1495 3250 ἔνθα
1540 3181 1691 3269 ῥοὰς
1739 3182 1979 3270 Σιμόεις
2025 3181 2150 3249 κτὲ.

2040 3288 2185 3355 Sch.
2232 3289 2604 3356 Harleiana.

349 3405 526 3463 τοῦτο
573 3402 639 3462 τὸ
686 3407 905 3485 σχῆμα
951 3399 1231 3463 καλεῖται
1271 3399 1800 3486 προδιεζευγμένον
1848 3401 1956 3464 καὶ
2002 3396 2156 3463 καθ’
2202 3393 2562 3484 ὃπέρβατον,
2595 3394 2696 3463 ὑπ’

353 3500 526 3568 ἐνίων
573 3505 639 3568 δὲ
683 3502 1139 3591 Ἀλκμανικόν·
1187 3510 1255 3570 τὸ
1302 3506 1368 3569 δὲ
1416 3503 1579 3593 ἑξῆς,
1628 3505 1787 3570 ἔνθα
1822 3509 1930 3592 μὲν
1975 3503 2061 3579 εἰς
2107 3503 2455 3593 Ἀχέροντα
2501 3504 2697 3592 Πυρι-

353 3611 673 3697 φλεγέθων
720 3635 783 3676 τε
827 3616 936 3679 καὶ
979 3608 1278 3687 Κωκυτὸς
1325 3610 1586 3697 ῥέουσιν.
2127 3611 2273 3678 Sch.
2319 3613 2603 3697 Didymi.

534 3756 597 3820 4.
644 3753 1062 3822 Eustathii

620 3886 678 3928 a.
745 3862 828 3927 ad
871 3863 944 3944 E,
995 3863 1144 3943 774,
1192 3885 1253 3946 p.
1305 3862 1455 3943 606,
1505 3863 1591 3928 37
1638 3864 1717 3930 R.
1810 3862 1919 3942 Τό,
1968 3860 2080 3953 ἥχι
2123 3859 2250 3942 κτὲ,
2278 3861 2698 3950 Ἀλκμανικὸν

353 3980 572 4060 σχῆμα
632 3972 894 4053 λέγεται,
954 3966 1073 4058 οόχ
1130 3968 1220 4036 ὅτι
1277 3968 1562 4058 Ἀλκμὰν
1620 3968 1756 4058 εὗρε
1814 3980 2011 4050 τοῦτο,
2060 3971 2228 4037 ἀλλὰ
2273 3972 2423 4037 διότι
2469 3968 2697 4045 ἐκεῖνος

531 4182 605 4254 ²9)
644 4185 789 4241 Fons
825 4185 997 4241 schol.
1043 4184 1118 4241 ad
1155 4181 1219 4247 E,
1258 4186 1364 4240 774
1408 4187 1468 4241 et
1511 4181 1571 4247 Υ,
1612 4185 1716 4240 138
1752 4182 2193 4241 Aristonicus
2240 4187 2349 4251 σοὺς
2397 4184 2700 4241 cf..F1-ied·

351 4274 603 4340 laender,
650 4274 817 4330 Arist.
865 4276 1065 4344 reliqu.
1112 4291 1241 4344 pag.
1281 4274 1386 4328 144
1431 4277 1490 4329 et
1535 4274 1657 4329 299.
1748 4275 1830 4329 De
1874 4275 2055 4331 altera
2099 4275 2261 4345 parte
2308 4276 2478 4330 schol.
2525 4275 2599 4331 ad
2636 4271 2699 4337 E,

353 4365 475 4430 774,
514 4382 684 4433 quam
722 4363 853 4419 inde
888 4381 924 4418 a
947 4363 1150 4419 verbis:
1188 4360 1263 4413 Τὸ
1301 4360 1353 4414 δὲ
1370 4370 1553 4435 σχῆμα
1587 4364 1673 4415 κτὲ
1697 4364 2009 4419 Aristonico
2034 4381 2147 4418 non
2166 4364 2366 4418 tribuit
2386 4363 2700 4419 Friedlaen-

351 4454 529 4518 derue,
570 4453 673 4508 sub
711 4454 877 4509 finem
913 4453 1075 4507 huius
1113 4453 1310 4524 capitis
1347 4453 1687 4509 disseremus·
