3226 5028
1652 259 1740 324 22

517 456 837 546 obstringi
893 480 961 524 se
1018 479 1278 544 passum
1335 478 1491 523 esse.
1593 457 1760 523 Item
1817 454 1893 536 P,
1941 454 2073 521 386
2120 456 2188 521 et
2236 453 2322 533 Ψ,
2371 452 2494 518 381
2546 452 2862 520 schemati

516 564 700 632 Pind.
748 564 1012 650 proprio
1058 585 1192 633 non
1219 564 1372 630 sunt
1400 562 1867 649 Subiungenda,
1914 561 2084 649 quod
2117 561 2381 627 verbum
2407 583 2540 628 non
2570 559 2862 646 proximo

518 672 797 753 nomini,
857 672 969 741 sed
1024 671 1357 738 remotiori
1400 677 1777 760 μετάφρενον
1826 672 1929 736 vel
1971 675 2238 754 γοὺνατα
2287 673 2388 735 est
2431 666 2863 735 accommoda-

516 779 679 844 tum.
769 778 1018 846 Deinde
1062 776 1135 857 A,
1183 776 1312 843 438
1361 777 1529 843 ἀλλὰ
1572 777 1798 860 γλῶσσ’
1845 776 2135 865 ἐμέμικτο
2192 776 2361 841 1111111
2419 777 2657 855 obstat,
2705 796 2864 859 quo-

517 886 730 952 minus
788 909 831 951 α
876 888 1024 971 posi
1067 884 1293 969 γλῶσσ’
1352 884 1581 953 elisum
1627 905 1760 949 esse
1805 887 2135 971 putemus3
2182 887 2250 950 et
2294 882 2678 950 Eustathius
2729 881 2863 966 ipse

516 993 793 1073 dubitat,
847 995 1067 1058 utrum
1115 1015 1180 1057 αι
1225 991 1449 1057 elisum
1498 990 1586 1055 sit
1633 1012 1717 1056 an
1764 1015 1827 1055 α.
1877 989 2168 1073 Denique
2213 1013 2276 1069 α,
2329 990 2454 1054 144

608 1097 736 1168 οὔτ’
783 1096 887 1167 οὖν
934 1100 1302 1185 ἀγγελίης
1347 1098 1437 1164 ἔτι
1481 1095 1798 1184 πείθομαι,
1845 1097 1907 1163 εἴ
1944 1101 2136 1164 ποθεν
2183 1098 2404 1164 ἔλθοι

519 1206 711 1275 aliter
780 1229 856 1274 ae
920 1204 1304 1272 Eustathius
1371 1205 1514 1269 vult
1576 1203 1996 1288 interpretari
2059 1225 2413 1290 possumus.
2524 1204 2629 1271 Ad
2685 1206 2868 1272 ἔλθοι

519 1313 692 1382 enim
738 1313 1093 1381 subiectum
1141 1333 1274 1377 non
1319 1310 1742 1397 supplendum
1789 1314 1889 1377 est
1933 1311 2230 1394 ἀγγελίαι,
2277 1310 2388 1378 sed
2426 1318 2651 1401 πατήρ,
2696 1311 2868 1396 quod

517 1423 578 1489 εἴ
640 1426 832 1489 ποθεν
897 1420 1078 1487 ἔλθοι
1141 1440 1392 1503 semper
1459 1417 1696 1485 dieitur
1752 1419 1830 1485 de
1886 1417 2096 1484 Ulixis
2156 1417 2366 1484 reditu
2383 1467 2398 1497 ‚
2465 1423 2539 1484 ut
2596 1422 2653 1504 β,
2714 1418 2865 1495 251,

520 1552 586 1618 φ,
655 1525 815 1606 195;
881 1526 963 1593 ef.
1022 1526 1242 1593 Ameis
1310 1525 1391 1591 ad
1461 1525 1526 1590 11.
1587 1526 1629 1590 l.
1691 1525 1760 1590 in
1827 1548 1971 1609 app.
2092 1524 2370 1591 Etiamsi
2435 1528 2651 1592 autem
2725 1548 2868 1590 eum

520 1634 801 1704 Hentzio
846 1656 1096 1700 sumere
1142 1654 1475 1718 possumus
1522 1631 1774 1715 ἀγγελία
1821 1631 2147 1717 singulare
2193 1654 2271 1697 ex
2315 1633 2554 1717 plurali
2583 1632 2869 1719 ἀγγελίης

520 1741 945 1828 supplendum
990 1762 1145 1820 esse,
1194 1744 1414 1806 tamen
1460 1740 1573 1806 illa
1618 1738 2073 1823 interpressassio
2121 1737 2282 1804 mihi
2328 1740 2541 1826 aptior
2591 1739 2868 1805 videtur.

697 1882 892 1972 Apud
954 1884 1223 1952 Homeri
1288 1884 1561 1950 asseclas
1627 1883 1759 1948 seh.
1807 1880 1879 1947 P.
1942 1881 2221 1947 inveniri
2278 1880 2516 1949 dicitur
2570 1882 2640 1947 in
2685 1881 2750 1947 11.
2799 1882 2871 1948 111

520 1991 836 2061 Venerem
884 1994 999 2058 90:

841 2117 1066 2206 ὅρμοι
1111 2116 1164 2183 δ’
1211 2115 1363 2206 ἀμφ’
1410 2113 1628 2202 ἁπαλῇ
1676 2116 1845 2201 δειρῇ
1893 2115 2294 2201 περικαλλέες
2340 2112 2500 2203 ἦσαν

843 2226 1045 2302 καλοὶ,
1092 2228 1387 2312 χρίκειοι,
1435 2223 1836 2310 παμποίκιλοι
1883 2241 1897 2256 ·
1948 2220 2032 2298 ὥς
2080 2222 2146 2286 δὲ
2195 2223 2425 2310 σελήνη

843 2334 1134 2421 στήθεσιν
1181 2329 1334 2421 ἀμφ’
1382 2328 1675 2396 ἁπαλοῖσι
1721 2329 2132 2416 ἐλάμπετο,
2179 2333 2403 2416 θαῦμα
2447 2327 2710 2395 ἰδέσθαι.

524 2452 843 2525 Matthiae
909 2456 992 2524 ad
1055 2457 1120 2523 h.
1181 2455 1225 2522 1.
1283 2456 1474 2542 putat
1531 2476 1791 2521 eausam
1856 2456 2223 2522 sirueturae
2277 2453 2522 2521 dedisse
2580 2452 2872 2521 additum

524 2567 789 2654 σελήνης
853 2568 925 2630 at
971 2562 1347 2641 subiectum,
1407 2561 1576 2648 quod
1626 2561 1707 2627 ad
1753 2562 2061 2650 ἐλάμπετο
2108 2566 2206 2628 est
2251 2563 2692 2648 supplendum,
2739 2585 2874 2628 non

524 2674 623 2739 est
681 2670 889 2759 ὅρμοι,
950 2672 1059 2737 sed
1113 2669 1473 2760 Ἀφροδίτη,
1532 2671 1711 2736 euius
1768 2668 2177 2754 pulchritudo
2235 2668 2645 2746 describitur3
2703 2669 2873 2754 quod

524 2779 694 2846 idem
753 2779 955 2846 sensit
1003 2778 1481 2845 Baumeisterus
1538 2777 1619 2842 ad
1675 2776 1740 2841 11.
1788 2778 1833 2842 1.
1891 2812 1980 2825 -
2037 2776 2116 2841 In
2171 2777 2236 2841 h.
2286 2777 2355 2841 in
2401 2775 2693 2843 Cererem
2737 2775 2870 2841 495

525 2887 720 2973 vulgo
764 2885 1038 2972 legitur:
1690 2933 1701 2952 .

659 3009 793 3076 495
838 3009 1021 3076 Ἀλλ’
1069 3009 1166 3094 ἄγ’
1211 3009 1559 3085 Ἐλευσῖνος
1602 3012 1914 3100 θυοέσσης
1961 3011 2156 3098 δῆμον
2203 3010 2464 3097 ἔχουσαι

847 3121 955 3184 καὶ
998 3116 1209 3205 Πάρον
1258 3118 1622 3208 ἀμφιρὺτην,
1669 3115 1993 3204 Ἀντρωνά
2038 3140 2102 3182 τε
2149 3123 2505 3204 πετρήεντα,

845 3230 1080 3303 πότνια,
1128 3223 1494 3310 ἀγλαόδωρ’,
1542 3223 1846 3313 ὡρηφόρε,
1895 3221 2053 3312 Δηοῖ
2096 3224 2362 3303 ἄνασσα,

848 3326 1005 3421 αὐτὴ
1051 3335 1160 3398 καὶ
1204 3335 1398 3420 κοὺρη
1446 3333 1827 3420 περικαλλὴς
1872 3329 2308 3419 Περσεφόνεια,

847 3445 1263 3528 πρόφρονες
1309 3437 1650 3525 ἀντ’,ᾧδῆς
1697 3441 1897 3523 βίοτον
1944 3436 2165 3524 θὺμερ’
2213 3437 2469 3512 ὄπαζε.

661 3542 796 3610 500
840 3541 1055 3631 Αὐτὰρ
1102 3543 1219 3629 ἐγὼ
1266 3548 1372 3612 καὶ
1418 3555 1544 3611 σεῖο
1589 3549 1697 3612 καὶ
1743 3545 1945 3636 ἄλλης
1993 3543 2257 3634 μνήσομ’
2303 3545 2537 3634 ἀοιδῆς.

529 3668 953 3737 Ruhnkenius
999 3671 1129 3737 499
1177 3677 1464 3759 πρόφρων
1508 3669 1722 3757 legere
1768 3669 2019 3734 mavult
2065 3671 2132 3734 ei:
2159 3669 2289 3734 495
2330 3668 2584 3756 ἔχουσα,
2619 3692 2870 3736 versum

530 3779 748 3843 autem
794 3777 924 3842 498
982 3778 1053 3841 111
1097 3775 1470 3862 parenthesi
1524 3775 1776 3861 accipit,
1824 3778 1899 3841 ut
1944 3774 2162 3842 omnia
2208 3775 2290 3841 ad
2333 3797 2532 3840 unam
2578 3774 2873 3843 Cererem

527 3885 910 3951 referantur.
997 3882 1224 3969 Neque
1269 3905 1422 3950 vero
1472 3883 1703 3949 mirum
1749 3885 1868 3964 est,
1917 3903 2030 3947 eur
2073 3885 2269 3966 poeta
2313 3881 2385 3946 in
2412 3882 2538 3948 fine
2570 3883 2872 3949 carminis

530 3993 806 4058 matrem
852 3993 920 4058 et
962 3990 1166 4057 filiam
1193 4013 1325 4058 una
1355 3990 1631 4071 invocet,
1677 4011 1844 4075 quae
1871 3990 1941 4055 in
1971 3990 2151 4056 cultu
2174 4011 2426 4075 quoque
2453 3991 2521 4054 et
2550 3990 2873 4075 mysteriis

528 4097 918 4165 eelebrandis
973 4098 1476 4185 coniungantur.
1567 4098 1800 4182 Itaque
1853 4118 1998 4161 eum
2046 4093 2272 4161 Vossio
2318 4098 2386 4161 et
2431 4095 2873 4163 Baumeistero

529 4205 773 4282 ὀπάζειν
831 4204 1104 4272 seribere
1159 4206 1477 4272 malumus
1491 4252 1510 4284 ‚
1563 4204 1736 4291 quod
1793 4201 1865 4268 111
1919 4204 2115 4270 finem
2172 4225 2392 4269 versus
2435 4201 2689 4270 facilius
2734 4226 2875 4272 eot-

530 4313 786 4399 ruptela
829 4312 1109 4398 irrepere
1153 4311 1393 4398 poizuiiz⁹
1438 4311 1799 4377 infinitivus
1842 4314 2082 4392 autem,
2128 4311 2242 4398 qui
2270 4310 2506 4378 dicitur
2531 4332 2646 4396 pro
2672 4312 2874 4397 impe·

528 4418 760 4501 ratim,
808 4420 1004 4488 etiam
1056 4418 1140 4486 ad
1183 4419 1538 4505 complures
1583 4418 1854 4506 spectat,
1900 4419 1976 4482 ut
