3226 5028
1613 272 1702 336 54

479 469 671 543 ζεοξιν
688 516 706 548 ,
775 467 1007 555 quibus
1085 468 1256 535 idem
1322 468 1458 534 fere
1525 469 1747 536 subest
1817 491 2058 549 senem,
2130 471 2198 533 et
2264 469 2397 535 sch.
2468 468 2674 535 Alcm.
2749 490 2827 533 ex

485 575 806 661 plerisque
852 575 1241 645 testimoniis
1287 575 1721 666 colligendum
1766 580 1898 653 est;
1944 599 2095 645 nam
2143 576 2499 661 promiscue
2546 576 2629 642 ad
2666 597 2827 641 eun-

477 682 621 749 dem
705 683 915 749 locum
1011 682 1455 768 explicandum
1525 683 1936 768 grammatici
2021 683 2137 749 has
2223 704 2408 750 voces
2496 682 2826 762 adhibent,

479 789 827 874 eademque
889 792 1165 855 utuntur
1222 789 1594 856 definitione
1654 790 1996 857 schematis
2054 790 2262 859 Alcm.
2323 794 2519 875 atque
2577 813 2828 877 προεπι-

481 898 754 972 ζεὺξεως.
869 896 964 962 At
1028 895 1409 963 Eustathius
1478 897 1557 963 ad
1626 896 1710 976 N,
1779 895 1913 963 584
1980 920 2239 982 prorsus
2309 898 2498 963 aliam
2571 919 2647 964 ac
2709 918 2828 962 nos

482 1004 754 1088 praebet
797 1005 1185 1071 sententiam
1216 1003 1295 1070 de
1325 1003 1670 1082 schemate,
1718 1003 1889 1090 quod
1925 1006 2335 1090 προεπίζεοξις
2364 1004 2620 1069 dicitur.
2667 1001 2830 1068 Ver-

485 1133 593 1175 sus
636 1110 811 1176 enim
856 1109 940 1191 N,
989 1107 1122 1175 584
1167 1113 1235 1176 et
1278 1133 1417 1196 sqq.
1465 1112 1557 1177 sic
1600 1112 1938 1197 leguntur:

566 1241 651 1301 τὼ
697 1235 855 1322 δ’ἄρ’
906 1235 1261 1326 ὁμαρτήδην
1311 1236 1343 1302 ὁ
1390 1241 1499 1324 μὲν
1547 1237 1718 1325 ἔρχει
1763 1234 2028 1311 ὀξυόεντι

563 1342 672 1408 ἵετ’
723 1341 1095 1423 ἀκοντίσσαι,
1142 1343 1176 1411 ὁ
1223 1346 1275 1409 δ’
1326 1343 1447 1419 ἀπὸ
1495 1355 1779 1433 νευρῆφιν
1827 1341 2010 1431 ὀΐστῳ

568 1450 868 1525 τοξεῦσαι.

484 1573 610 1640 Hic
673 1573 1055 1641 Eustathius
1119 1575 1249 1640 vim
1313 1575 1661 1643 schematis
1725 1575 1795 1641 in
1858 1597 1934 1641 eo
2004 1597 2141 1641 esse
2205 1576 2418 1660 putat,
2486 1564 2655 1661 quod
2721 1577 2831 1660 qui

483 1683 691 1768 agunt
735 1684 932 1748 antea
977 1681 1306 1748 coniuncti
1350 1681 1744 1748 inducuntur
1791 1682 1897 1766 (τὼ
1945 1683 2105 1769 δ’ἄρ’
2153 1682 2554 1772 ὁμαρτήδην),
2604 1681 2831 1747 deinde

480 1788 787 1855 disiuncti
831 1789 1001 1855 alter
1045 1788 1234 1855 alteri
1279 1788 1375 1854 rei
1419 1811 1682 1873 operam
1728 1789 1844 1855 dat
1891 1789 1950 1874 (ὁ
1979 1795 2087 1878 μὲν
2116 1840 2131 1855 .
2167 1840 2182 1855 .
2219 1840 2234 1855 .
2285 1789 2318 1855 ὁ
2347 1791 2399 1854 δ’
2434 1839 2448 1853 .
2483 1838 2498 1854 .
2531 1789 2594 1877 .).
2683 1789 2833 1855 Sta-

484 1897 794 1962 tuendum
841 1899 1058 1963 autem
1104 1899 1205 1962 est
1249 1895 1669 1962 Eustathium
1713 1894 1901 1962 valde
1947 1919 2182 1962 errare.
2276 1895 2447 1962 Nam
2492 1895 2833 1963 schematis

484 2003 644 2069 haec
689 2002 977 2069 definitio
1024 2004 1223 2089 ipsius
1271 2003 1561 2088 opinioni
1603 2005 1949 2089 repugnat,
1999 2025 2193 2087 quam
2220 2002 2301 2068 ad
2348 2003 2420 2081 E,
2460 2002 2590 2067 774
2621 2003 2829 2081 affert,

482 2108 593 2175 ubi
638 2109 842 2174 ullam
886 2098 1316 2176 differentiam
1362 2109 1534 2175 inter
1581 2110 1986 2196 προεπίζεοξιν
2034 2114 2100 2175 et
2146 2109 2278 2176 sch.
2326 2109 2467 2176 Alc.
2499 2131 2631 2176 non
2660 2132 2834 2181 com-

482 2219 815 2284 memorat.
920 2215 1167 2283 Deinde
1225 2217 1424 2282 etiam
1481 2216 1716 2301 reliqui
1775 2217 2181 2304 grammatici
2241 2220 2486 2283 veteres
2548 2217 2720 2284 inter
2765 2239 2832 2283 se

482 2345 613 2389 non
677 2323 1073 2389 dissentiunt
1134 2323 1210 2389 de
1274 2321 1599 2389 schemate
1664 2326 1962 2407 utroque,
2033 2346 2178 2390 cum
2242 2324 2500 2408 utrique
2563 2324 2831 2391 eandem

486 2430 616 2495 vim
668 2430 984 2496 tribuant.
1016 2474 1029 2483 -
1086 2429 1301 2496 Etiam
1346 2428 1430 2507 N,
1489 2427 1621 2494 548
1668 2427 1850 2495 valde
1897 2428 2098 2495 distat
2145 2452 2183 2495 a
2228 2429 2552 2496 schemate
2600 2430 2830 2513 Alcm„

486 2561 636 2607 nam
697 2538 763 2603 id
819 2538 1049 2623 ipsum,
1108 2537 1278 2622 quod
1331 2536 1413 2604 ad
1459 2537 1595 2603 eius
1653 2540 1957 2603 naturam
2001 2539 2306 2623 pertinet,
2352 2561 2483 2605 non
2528 2540 2831 2619 cernitur,

490 2645 735 2713 scilicet
797 2645 1063 2710 verbum
1117 2646 1303 2710 duale
1357 2645 1459 2711 vel
1518 2645 1768 2728 plurale
1824 2646 1895 2710 in
1954 2644 2162 2711 medio
2208 2645 2509 2729 positum.
2603 2646 2833 2731 Itaque

490 2775 695 2838 neque
741 2752 875 2820 sch.
921 2751 1061 2818 Alc.
1110 2774 1315 2836 neque
1360 2752 1770 2838 προεπίζεοξις
1817 2751 1924 2817 hic
1970 2753 2316 2818 statuenda
2362 2756 2479 2818 est.
2574 2751 2642 2819 Si
2684 2776 2832 2819 vero

488 2862 795 2926 sumimus
840 2859 1035 2926 latius
1080 2864 1301 2946 patere
1350 2860 1478 2925 vim
1524 2882 1598 2926 ac
1644 2858 1975 2926 notionem
2021 2858 2393 2939 ἐπιζεὸξεως,
2451 2860 2548 2926 ita
2592 2866 2668 2926 ut
2713 2860 2834 2926 hac

487 2968 701 3053 figura
742 2966 1028 3045 ‘omnino
1092 2965 1218 3034 duo
1274 2966 1561 3033 subiecta
1620 2967 2095 3053 exspectatione
2153 2966 2331 3051 prius
2394 2970 2832 3045 conectantur‚

422 3143 429 3150 ,
489 3073 838 3140 Eustathio
917 3074 1191 3140 fortasse
1254 3073 1615 3141 consentire
1678 3094 2032 3157 possumus.
2143 3072 2268 3140 Sed
2332 3073 2504 3140 hanc
2568 3075 2695 3140 vim
2765 3074 2835 3137 in

491 3203 641 3247 voce
687 3179 1039 3257 ὲπιζεύξεως
1084 3203 1218 3248 esse
1264 3181 1441 3246 nullo
1487 3180 1854 3246 testimonio
1902 3180 2179 3245 docetur.

671 3306 807 3372 Iam
832 3328 982 3372 vero
1010 3306 1452 3382 testimonium
1477 3304 1804 3390 Anonymi
1834 3302 2067 3389 (Walz‚
2092 3303 2190 3368 rh.
2217 3325 2316 3390 gr.
2344 3302 2520 3385 Vm,
2549 3304 2698 3384 662,
2726 3306 2836 3390 19)

493 3413 851 3480 accuratius
897 3414 1390 3480 examinandum
1436 3417 1553 3479 est.
1649 3410 1830 3488 Quod
1876 3414 1951 3476 ut
1995 3412 2223 3476 melius
2269 3434 2410 3476 cum
2461 3412 2703 3480 scholio
2756 3412 2836 3478 ad

490 3520 562 3597 E,
631 3520 763 3584 774
825 3521 1183 3605 comparari
1247 3522 1449 3604 possit
1510 3556 1599 3612 -7-
1655 3541 1806 3585 nam
1868 3518 2251 3584 verbotenus
2309 3518 2444 3584 fere
2504 3541 2648 3584 cum
2714 3518 2837 3584 hoc

492 3628 811 3695 consentit
861 3666 965 3707 —‚
1012 3627 1246 3695 iterum
1294 3627 1397 3694 hic
1442 3631 1784 3711 utrumque
1830 3627 2036 3691 locum
2086 3626 2383 3690 afferam:

627 3769 951 3856 Anonymi
998 3795 1061 3857 p.
1110 3769 1259 3851 662,
1313 3770 1415 3835 19.
1973 3768 2183 3833 Schol.
2235 3767 2314 3833 ad
2361 3768 2434 3846 E,
2484 3766 2633 3832 774.

496 3893 621 3961 Καὶ
667 3896 793 3962 ἔστι
837 3901 946 3963 καὶ
989 3895 1193 3983 ἕτερον
1221 3894 1379 3971 εἶδος
1407 3897 1550 3980 παρ’
1770 3900 1838 3961 τὸ
1896 3896 1962 3959 δὲ
2018 3905 2236 3981 σχῆμα
2295 3891 2835 3980 προεπίζεοξις·

492 3997 658 4089 αὐτῷ
718 4010 1043 4092 σχήματος
1101 4009 1169 4070 τὸ
1233 4004 1555 4089 λεγόμενον
1770 4006 2093 4089 προθεὶς
2173 4004 2316 4086 γὰρ
2400 4001 2471 4065 ἓν
2549 4000 2837 4086 ὄνομα*

492 4110 1555 4196 προεπίζεοξις·προθέὶςγὰρ
1771 4109 2077 4175 δοϊκὸν*
2133 4107 2443 4189 ἐπάγει*
2501 4109 2836 4196 πληθυν-

493 4216 691 4304 ὄνομα
715 4215 910 4285 ἑνικὸν
931 4215 1555 4298 ἓνέπάγειδοϊκὸν
1773 4222 2017 4295 τικόν,
2076 4219 2183 4281 καὶ
2229 4216 2441 4281 λοιπὸν
2491 4214 2839 4303 ἀναπληροῖ

493 4324 665 4416 ῥῆμα
728 4324 771 4415 ἢ
826 4327 1376 4414 πληθυντικόν·
1434 4321 1552 4388 εἷθ’
1772 4332 1858 4409 τῇ
1906 4321 2278 4408 ἐπαγωγῇ.

494 4427 688 4507 οὕτως
752 4431 1010 4515 ἐπάγει
1075 4429 1277 4517 ἕτερον
1338 4430 1553 4518 ὄνομα.
