3226 5028
1667 233 1754 300 32

543 430 666 500 ,ὅτε
737 438 998 520 πάρισα,
1072 432 1314 520 inquit,
1393 437 1679 520 βοῦλεται
1741 437 1819 500 τὰ
1880 436 2059 501 κῶλα
2121 433 2423 522 ἀλλήλοις
2487 431 2668 511 εἶναι,
2736 428 2885 499 οὔτέ

527 547 859 628 παρόμοια,
921 538 1059 608 οὔτε
1117 542 1424 628 ἀναγκαία
1481 545 1848 609 δουλεῦοντα
1903 538 2272 626 ἀκολουθία,
2330 539 2472 607 ἀλλ’
2519 537 2729 628 εὐγενῆ
2766 543 2882 607 καὶ
2979 616 2993 627 x

529 646 702 714 ἁπλᾶ
783 652 890 715 καὶ
958 647 1263 735 ἐλεὺθερα
1330 669 1344 684 ·
1412 654 1585 739 φῦσει
1649 648 1966 716 τ’ἐοικὲναι
2031 651 2270 736 μᾶλλον
2337 643 2496 713 αὐτὰ
2571 649 2878 732 βοὺλεται.

526 754 745 839 Atque
793 759 1148 821 naturaene
1195 756 1432 840 aptius,
1466 757 1605 821 etsi
1650 756 2093 842 grammaticis
2137 755 2387 842 legibus
2431 775 2565 822 non
2608 774 2879 838 respon-

530 861 707 941 dens,
772 883 1007 929 nomen
1070 863 1339 946 plurale,
1407 863 1510 928 cui
1570 863 1755 929 notio
1818 862 2170 949 singularis
2226 861 2406 942 insit,
2472 861 2670 928 etiam
2727 882 2878 927 cum

527 970 722 1035 verbo
768 969 1091 1055 singulari
1150 973 1525 1036 conectere?
1617 969 1759 1046 Qua
1803 992 1872 1036 re
1917 969 2129 1035 forma
2174 968 2432 1054 quidem
2481 972 2549 1034 et
2593 967 2876 1034 nominis

524 1080 594 1143 et
638 1074 817 1141 verbi
860 1075 1249 1162 neglegitur,
1298 1098 1425 1160 quo
1472 1099 1637 1161 quae
1682 1076 1893 1162 magis
1923 1078 2095 1142 valet
2125 1078 2306 1143 notio
2334 1075 2607 1142 clariore
2635 1072 2704 1141 in
2732 1075 2877 1140 luce

529 1182 892 1249 collocetur.
984 1180 1073 1246 Et
1116 1182 1397 1248 eiusdem
1443 1184 1730 1250 notionis
1776 1184 1874 1249 vis
1919 1186 2197 1268 augetur
2237 1205 2276 1248 a
2302 1181 2582 1249 Pindaro
2607 1180 2876 1248 liberius

529 1289 790 1355 verbum
835 1289 1166 1376 singulare
1209 1312 1327 1374 pro
1372 1291 1608 1374 plurali
1651 1290 2018 1357 adhibente.

702 1431 782 1496 In
830 1431 1112 1499 Attica
1157 1432 1431 1498 dialecto
1478 1434 1559 1499 ab
1597 1430 1939 1518 Aeschylo,
1987 1430 2384 1518 Thucydide,
2431 1429 2875 1516 Aristophane

529 1538 760 1624 (neque
823 1561 954 1605 non
1021 1561 1061 1604 a
1118 1539 1431 1625 Sophocle
1446 1589 1463 1620 ,
1523 1542 1597 1603 ut
1655 1560 1792 1625 cap.
1838 1538 1900 1605 V
1958 1537 2440 1620 demonstrabo)
2499 1537 2769 1626 singulis
2786 1536 2875 1619 2⁰)

524 1645 713 1711 modo
773 1646 926 1711 locis
980 1644 1111 1712 sch.
1161 1645 1232 1711 P.
1294 1645 1659 1713 adhibitum
1704 1651 1823 1727 est,
1869 1647 1980 1712 sed
2025 1647 2279 1732 saepius
2324 1646 2407 1712 ab
2451 1643 2754 1731 Euripide
2805 1648 2872 1710 et

526 1753 815 1833 Platone,
864 1775 1060 1837 quam
1106 1752 1186 1820 ob
1218 1775 1351 1818 rem
1380 1753 1469 1834 hi,
1516 1758 1591 1820 ut
1620 1753 1998 1840 diligentius
2025 1756 2405 1832 tractentur,
2437 1774 2554 1818 nos
2583 1754 2873 1819 monent.

705 1877 802 1942 Ex
847 1876 1268 1962 Euripidis
1316 1878 1613 1965 operibus
1660 1901 1858 1963 supra
1903 1878 2036 1945 iam
2081 1877 2226 1945 Hel.
2284 1878 2456 1944 1358
2505 1878 2719 1958 attuli,
2768 1877 2875 1942 cui

523 1986 590 2050 in
656 2006 793 2069 cap.
850 1983 912 2050 V
956 1986 1306 2072 adiungam
1361 1984 1500 2051 Ion.
1564 1987 1788 2051 1146.
1863 1985 2156 2073 Utroque
2202 1987 2340 2052 loco
2397 1985 2530 2052 sch.
2577 2006 2872 2052 severum

525 2090 888 2156 adhibitum
954 2113 1089 2157 esse
1152 2094 1220 2158 et
1284 2092 1468 2160 docui
1526 2095 1593 2158 et
1649 2093 1904 2160 docebo,
2010 2093 2177 2160 Sunt
2231 2098 2449 2159 autem
2506 2095 2701 2159 etiam
2759 2092 2875 2156 alii

523 2199 667 2278 loci,
726 2197 839 2282 ubi
894 2221 934 2263 a
990 2200 1318 2265 nonnullis
1375 2199 1506 2264 sch.
1570 2198 1641 2265 P.
1701 2203 2053 2283 statuatur,
2122 2201 2198 2268 de
2244 2200 2477 2287 quibus
2522 2199 2628 2266 hic
2671 2199 2874 2266 disse-

523 2303 793 2371 rendum
840 2307 958 2371 est.
1050 2304 1205 2372 Eur.
1255 2305 1496 2373 Phoen.
1546 2305 1678 2371 349
1723 2306 1996 2394 legitur:

611 2429 878 2521 ἐσιγάθη
925 2442 1042 2506 σᾶς
1088 2431 1288 2497 ἔσοδοι
1336 2435 1594 2522 νῦμφας.

522 2554 845 2622 Numerus
902 2557 1079 2621 verbi
1136 2558 1486 2644 singularis
1545 2559 1656 2624 vix
1711 2559 2033 2626 offendere
2089 2561 2327 2643 potest,
2386 2556 2557 2642 quod
2616 2559 2695 2623 de
2739 2579 2873 2624 uno

522 2661 710 2728 modo
778 2664 1053 2728 introitu
1112 2663 1377 2742 dicitur3
1445 2669 1516 2731 at
1573 2688 1730 2730 num
1788 2666 1987 2732 ἔσοδοι
2043 2667 2140 2731 ita
2195 2666 2540 2754 singularis
2585 2664 2874 2732 notionis

521 2771 729 2836 instar
774 2775 1137 2855 usurpetur,
1186 2770 1369 2838 valde
1415 2772 1678 2839 dubium
1726 2777 1848 2839 est.
1938 2774 2171 2859 Itaque
2216 2795 2357 2839 cum
2404 2772 2669 2859 optimis
2697 2771 2873 2837 codi-

521 2877 699 2943 cibus
746 2870 959 2952 ἔσοδος
1017 2878 1509 2963 praeferendum
1556 2880 1702 2945 erit.
1753 2918 1836 2929 —
1886 2877 2197 2953 Similiter
2244 2879 2399 2946 Eur.
2447 2880 2645 2966 Hipp.
2697 2878 2873 2944 1255

613 3007 949 3087 κέκρανται
994 3007 1301 3091 συμφοραὶ
1345 3016 1491 3071 νεῶν
1537 3017 1750 3072 κακῶν

519 3130 804 3215 συμφορὰ
862 3126 1206 3213 legendum
1263 3128 1390 3195 erit
1445 3150 1588 3193 cum
1645 3128 2004 3215 Elmsley03
2064 3135 2396 3216 κέκρανται
2452 3129 2868 3215 singularem,

519 3257 649 3300 non
719 3235 1033 3317 pluralem
1097 3258 1233 3301 esse
1296 3238 1573 3302 formam
1638 3256 1789 3321 pag.
1862 3237 1941 3302 19
2006 3237 2136 3302 iam
2198 3237 2869 3315 commemoravimus3

520 3362 712 3407 causa
747 3345 964 3407 autem
990 3342 1262 3427 pluralis
1285 3348 1595 3432 συμφοραὶ
1619 3365 1751 3409 non
1773 3342 1997 3427 liquet.
2017 3378 2102 3391 —
2123 3341 2227 3407 Ad
2250 3342 2404 3409 Eur.
2435 3342 2671 3409 Bacch.
2696 3342 2873 3408 1350

606 3466 907 3545 δέδοκται,
954 3469 1204 3553 πρέσβυ,
1252 3471 1550 3556 τλήμονες
1598 3470 1781 3556 φυγαί

518 3590 873 3623 ¹³¹¹”‘·¹⁶····“
920 3592 1343 3677 supplendum
1389 3615 1526 3658 esse
1569 3599 1850 3681 μένουσιν
1896 3590 2065 3680 ἡμᾶς
2111 3594 2225 3657 aut
2271 3591 2515 3676 aliquid
2559 3592 2870 3658 eiusmodi

878 3698 1240 3780 [uehnerus,
1301 3720 1399 3785 gr.
1449 3722 1547 3786 gr.
1609 3701 1647 3783 ἓ
1693 3700 1845 3779 415,
1893 3722 1952 3765 a.
2005 3700 2064 3779 1,
2112 3699 2210 3764 ita
2255 3699 2747 3787 interpretatur,
2795 3705 2869 3766 ut

878 3806 1205 3891 flignificet:
1266 3806 1613 3873 ‘decretum
1672 3806 1810 3885 ese,
1875 3806 1976 3872 cui
2037 3810 2220 3895 φυγαὶ
2276 3806 2366 3871 sit
2423 3806 2735 3888 additum,
2793 3811 2868 3873 ut

878 3917 1082 3978 retum
1161 3914 1523 3979 accuratius
1588 3913 1878 3980 definiat.
1991 3913 2128 3990 Qua
2193 3915 2263 3979 in
2332 3914 2869 3999 interpretatione

878 4020 1059 4095 idem,
1127 4019 1297 4103 quod
1354 4020 1585 4087 Graeci
1631 4021 1995 4101 nominant,
2041 4023 2231 4087 inest.
2326 4020 2417 4086 At
2465 4020 2658 4108 Soph.
2707 4020 2865 4088 Ant.

878 4132 990 4214 ’ρὸς
1056 4138 1301 4216 φυγαῖσι
1365 4129 1421 4194 si
1485 4129 1889 4210 conferimus,
1956 4127 2067 4194 ubi
2129 4127 2300 4194 idem
2358 4129 2627 4214 pluralis
2685 4134 2868 4219 φυγαὶ

896 4232 1085 4299 modo
1133 4234 1360 4320 fugam
1408 4235 1902 4321 significandam
1955 4234 2322 4314 adhibetur,
2374 4235 2563 4301 facile
2609 4235 2869 4302 adduci-

878 4412 1003 4467 weh.
1042 4413 1187 4467 Pers.
1226 4412 1296 4467 50
1306 4434 1321 4479 ;
1360 4413 1533 4469 Thuc.
1570 4414 1669 4469 nr.
1704 4415 1801 4480 363
1837 4414 2006 4471 Arist.
2031 4432 2179 4485 vesp.
2205 4414 2300 4481 58;
2328 4414 2493 4485 Soph.
2520 4415 2718 4471 Trach.
2744 4415 2868 4472 520.
