3226 5028
1572 280 1616 346 5

422 478 684 545 verbum
716 479 1047 565 singulare
1077 479 1324 544 nomini
1355 478 1531 544 duali
1560 479 1973 546 coniunctum
1999 476 2432 567 Δωρικώτερον
2454 482 2771 547 nominat.

421 585 583 651 Cum
614 590 850 667 autem,
898 585 1376 652 substantivum
1403 586 1539 652 sive
1568 585 1649 651 du
1657 586 1756 652 ale
1779 586 1913 650 sive
1944 587 2193 670 plurale
2221 590 2417 654 verbo
2446 589 2769 674 singulari

419 694 867 782 coniungitur,
929 716 1034 760 res
1091 694 1232 780 ipsa
1287 714 1421 758 non
1476 696 1785 772 mutetur,
1851 692 2022 777 quod
2076 717 2380 762 numerus
2439 695 2648 761 dualis
2703 698 2771 763 et

418 800 553 884 ipse
616 801 698 867 ad
762 802 977 887 plures
1040 801 1325 885 pertinet
1340 853 1356 883 ,
1423 801 1624 866 etiam
1685 798 1807 867 hoc
1869 800 2008 866 loco
2064 800 2195 866 sch.
2254 801 2326 868 P.
2384 802 2771 869 Eustathius

416 910 705 974 statuere
762 908 947 975 nobis
1001 908 1275 975 videtur.
1377 908 1670 991 Denique
1729 907 1928 983 etiam
1984 910 2142 973 nota
2203 908 2285 973 ad
2339 933 2393 987 τ,
2453 909 2586 974 337
2645 909 2772 975 huc

420 1014 761 1082 reserenda
806 1016 952 1095 erit,
999 1015 1171 1101 quod
1196 1015 1582 1082 Eustathius
1630 1015 1708 1081 de
1734 1036 1856 1080 usu
1880 1013 2156 1099 quodam
2184 1014 2451 1082 Pindari
2490 1017 2770 1082 maxime

420 1124 678 1207 proprio
735 1125 802 1188 et
854 1145 893 1187 a
949 1144 1241 1188 sermone
1300 1122 1526 1188 Attico
1584 1121 1977 1207 discrepanti
2028 1122 2335 1209 loquitur.
2441 1121 2547 1187 Ad
2602 1123 2772 1189 hanc

419 1232 643 1294 notam
689 1252 804 1296 suo
849 1231 986 1297 loco
1045 1228 1440 1296 redeundum
1479 1228 1683 1294 'nobis
1737 1232 1868 1307 est3
1930 1229 2087 1296 item
2146 1230 2513 1297 sententiae
2569 1232 2767 1317 ipsae,

418 1359 577 1420 quas
622 1340 874 1403 veteres
917 1338 1350 1424 protulerunt,
1398 1336 1532 1402 suis
1578 1336 1737 1401 locis
1782 1336 2346 1404 examinabuntur.
2439 1337 2567 1403 Hic
2611 1340 2770 1404 duas

416 1445 605 1510 modo
632 1467 735 1511 res
763 1445 1126 1511 accuratius
1164 1447 1535 1530 tangamuS,
1565 1464 1803 1508 nomen
1834 1446 1901 1510 et
1929 1443 2368 1511 definitionem
2398 1444 2767 1525 schematis,

417 1550 495 1617 de
541 1574 668 1636 quo
714 1553 957 1638 agitur.

596 1657 1021 1726 Grammatici
1066 1650 1461 1725 recentiores
1496 1656 1758 1722 schema
1802 1655 2211 1724 Pindaricum
2267 1660 2448 1726 illam
2493 1659 2769 1746 figuram

415 1768 906 1854 grammaticam
937 1767 1296 1844 nominant,
1327 1786 1456 1849 qua
1483 1764 1841 1831 subiectum
1870 1765 2117 1852 plurale
2148 1766 2405 1851 generis
2432 1766 2769 1832 masculini

417 1873 519 1939 vel
546 1873 845 1938 feminini
875 1895 1022 1940 cum
1048 1873 1245 1938 verbo
1275 1872 1594 1957 singulari
1627 1872 2063 1959 coniungitur.
2133 1873 2427 1939 Eandem
2458 1872 2770 1938 adhibent

419 1978 861 2045 definitionem
890 1978 1274 2064 Apollonius
1302 1981 1370 2044 et
1400 2001 1542 2044 cum
1571 1979 1695 2045 hoc
1725 1978 1925 2046 schol.
1957 2001 2082 2046 rec.
2123 1980 2193 2046 in
2222 1980 2408 2047 Pind.
2457 1978 2557 2046 Ol.
2589 1980 2669 2059 X,
2700 1979 2766 2046 4.

420 2085 808 2152 Eustathius
853 2091 1071 2153 autem
1117 2087 1188 2151 in
1215 2087 1286 2165 P,
1334 2086 1464 2152 384
1511 2086 1643 2160 sch.
1693 2086 1764 2153 P.
1812 2087 1909 2153 ita
1935 2085 2194 2152 videtur
2239 2087 2528 2168 definire,
2573 2089 2650 2151 ut
2686 2085 2770 2152 ad
2827 2152 2832 2155 .

420 2193 686 2260 nomina
714 2194 1038 2262 variorum
1070 2215 1380 2280 generum
1409 2194 1688 2278 pluralia
1733 2195 1908 2261 inter
1953 2217 2021 2261 se
2062 2195 2399 2278 particulis
2425 2194 2770 2261 coniuncta

417 2299 578 2364 illud
623 2300 948 2385 pertinere
994 2303 1272 2366 censeat.
1366 2300 1547 2378 Quod
1597 2303 1818 2366 autem
1876 2301 1981 2368 hic
2040 2303 2199 2369 certi
2256 2300 2584 2368 cuiusdam
2642 2301 2768 2368 loci

414 2407 735 2475 rationem
762 2406 962 2475 habet
987 2411 1055 2473 et
1084 2409 1212 2473 alia
1239 2409 1528 2492 exempla
1558 2406 1779 2474 eodem
1811 2410 1950 2475 loco
1986 2411 2195 2489 affert,
2243 2410 2354 2475 ubi
2397 2408 2767 2475 nominibus
2857 2428 2862 2434 ·

409 2517 744 2583 femininis
788 2518 941 2582 solis
985 2505 1252 2582 verbum
1297 2517 1627 2602 singulare
1672 2518 2033 2598 antecedat,
2081 2517 2241 2582 illud
2288 2519 2370 2584 ab
2418 2516 2765 2604 Apollonio

414 2628 482 2691 et
539 2622 736 2691 schol.
796 2623 984 2689 Pind.
1041 2623 1313 2689 allatum
1369 2645 1502 2689 non
1556 2626 1872 2689 mutatur.
1974 2624 2347 2691 Heraclides
2412 2627 2630 2691 autem
2696 2628 2763 2691 et

415 2730 824 2797 Herodianus
868 2733 1002 2797 sch.
1049 2730 1121 2795 P.
1169 2730 1267 2794 ita
1311 2729 1649 2811 definiunt,
1713 2734 1789 2795 ut
1846 2729 1930 2796 ad
1973 2732 2235 2798 nomina
2290 2734 2562 2817 pluralia
2617 2733 2766 2798 uni-

417 2860 600 2904 versa
667 2842 960 2924 spectare
1024 2837 1317 2904 videatur
1381 2838 1649 2921 ideoque
1724 2838 1924 2903 etiam
1986 2839 2069 2904 ad
2133 2841 2396 2905 nomina
2468 2839 2765 2906 neutrius

414 2945 691 3032 generis.
781 2944 876 3010 At
917 2943 1324 3011 Herodianus
1369 2944 1437 3010 in
1485 2945 1582 3024 iis,
1631 2967 1796 3029 quae
1841 2949 2216 3030 sequuntur,
2263 2946 2540 3034 figuram
2585 2947 2766 3013 illam

414 3052 706 3117 neutrius
781 3052 1035 3138 generis
1112 3074 1151 3116 a
1214 3051 1541 3118 schemate
1603 3051 1945 3119 Pindarico
2009 3053 2369 3119 luculenter
2435 3042 2763 3135 discernit,

415 3158 789 3225 Heraclides
817 3157 894 3225 de
926 3160 1120 3225 certis
1146 3160 1302 3225 locis
1333 3159 1492 3226 dicit
1537 3159 1654 3238 ita,
1685 3160 1761 3223 ut
1790 3159 1981 3225 facile
2005 3160 2196 3244 plane
2220 3162 2425 3245 possit
2446 3161 2761 3247 intellegi.

411 3265 762 3364 Lesbonax·
792 3265 1049 3352 quidem
1108 3267 1466 3351 exemplum
1522 3288 1776 3352 quoque
1832 3267 2125 3333 neutrius
2183 3268 2437 3353 generis
2490 3269 2764 3333 afferens

412 3371 545 3437 sch.
593 3372 663 3439 P.
711 3395 853 3438 cum
903 3374 1194 3440 neutrius
1239 3374 1497 3461 generis
1540 3375 1755 3460 figura
1786 3373 2141 3459 confundit.
2235 3373 2373 3441 Nos
2406 3378 2625 3441 autem
2652 3374 2760 3439 hic

415 3481 496 3545 ad
542 3480 657 3546 illa
702 3480 890 3547 modo
937 3483 1226 3569 exempla
1272 3483 1560 3548 animum
1604 3485 2073 3561 convertemus,
2120 3481 2191 3545 in
2219 3481 2451 3565 quibus
2497 3482 2761 3548 nomina

415 3587 749 3653 masculini
794 3589 895 3654 vel
922 3588 1220 3655 feminini
1245 3591 1501 3677 generis
1531 3591 1597 3654 et
1625 3588 1878 3654 numeri
1905 3589 2173 3673 pluralis
2205 3590 2332 3674 (vel
2359 3587 2590 3672 dualis)
2619 3610 2762 3653 cum

413 3693 734 3780 singulari
788 3696 981 3761 verbo
1045 3699 1198 3762 sunt
1257 3697 1619 3763 coniuncta.
1723 3696 1847 3762 Illa
1911 3696 2084 3761 enim
2149 3697 2442 3762 neutrius
2507 3695 2782 3781 generis>

412 3801 627 3887 figura
686 3801 983 3868 omnibus
1046 3803 1117 3867 in
1162 3802 1453 3871 dialect-is
1515 3806 1609 3869 ita
1664 3806 1764 3869 est
1819 3804 2065 3869 usitata
2079 3853 2094 3883 ,
2151 3805 2229 3867 ut
2290 3802 2457 3869 nihil
2520 3802 2761 3879 habeat

411 3908 687 3986 insoliti3
735 3931 1004 3993 eamque
1051 3909 1542 3996 diligentissime
1583 3910 1900 3977 Rudolfus
1926 3909 2234 3976 Franzius
2280 3909 2758 3990 dissertatione,

411 4039 573 4101 quae
619 4017 1025 4084 inscribitur:
1073 4016 1189 4082 eDe
1236 4017 1429 4083 verbo
1470 4016 1645 4101 apud
1672 4016 1948 4084 Graecos
1987 4017 2326 4083 coniuncto
2363 4038 2507 4083 cum
2544 4016 2761 4082 neutri

409 4124 664 4210 generis
708 4123 993 4190 subiecto
1037 4125 1293 4210 plurali,
1339 4124 1548 4190 Bonn.
1602 4123 1814 4203 1875’,
1860 4124 2185 4190 tractavit.

589 4230 843 4297 Nomen
924 4230 1301 4312 schematis,
1384 4230 1463 4298 de
1536 4253 1664 4316 quo
1737 4231 1988 4318 agitur,
2076 4234 2175 4296 est
2247 4230 2759 4298 Pindaricum

414 4337 781 4432 auctoribus
824 4339 1211 4421 Herodiano,
1258 4339 1675 4418 Lesbonacte,
1722 4338 2071 4405 Eustathio
2115 4336 2199 4403 ad
2234 4335 2307 4415 P,
2356 4334 2509 4417 384,
2557 4337 2755 4405 schol.

413 4444 496 4510 ad
541 4444 728 4512 Pind.
774 4445 938 4511 Isth.
983 4444 1097 4526 IV,
1145 4443 1231 4511 57
1279 4469 1374 4527 eo,
1422 4445 1591 4531 quod
1651 4470 1690 4513 a
1737 4446 2016 4513 Pindaro
2060 4447 2340 4512 maxime
2391 4443 2755 4512 adhibetur.
