<?xml version="1.0" encoding="UTF-8"?>
<!DOCTYPE html PUBLIC "-//W3C//DTD XHTML 1.0 Transitional//EN"
    "http://www.w3.org/TR/xhtml1/DTD/xhtml1-transitional.dtd">
<html xmlns="http://www.w3.org/1999/xhtml" xml:lang="en" lang="en">
 <head>
  <title>
</title>
<meta http-equiv="Content-Type" content="text/html;charset=utf-8" />
  <meta name='ocr-system' content='tesseract 3.04.00' />
  <meta name='ocr-capabilities' content='ocr_page ocr_carea ocr_par ocr_line ocrx_word'/>
</head>
<body>
  <div class='ocr_page' id='page_1' title='image "./deschematepinda00wilpgoog_0056.png"; bbox 0 0 3226 5028; ppageno 0'>
   <div class='ocr_carea' id='block_1_1' title="bbox 1694 271 1782 336">
    <p class='ocr_par' dir='ltr' id='par_1_1' title="bbox 1694 271 1782 336">
     <span class='ocr_line' id='line_1_1' title="bbox 1694 271 1782 336; baseline 0 0"><span class='ocrx_word' id='word_1_1' title='bbox 1694 271 1782 336; x_wconf 89' lang='lat'><strong>48</strong></span> 
     </span>
    </p>
   </div>
   <div class='ocr_carea' id='block_1_2' title="bbox 1522 361 1951 371">
    <p class='ocr_par' dir='ltr' id='par_1_2' title="bbox 1522 361 1951 371">
     <span class='ocr_line' id='line_1_2' title="bbox 1522 361 1951 371; baseline 0 4657"><span class='ocrx_word' id='word_1_2' title='bbox 1522 361 1951 371; x_wconf 95' lang='lat' dir='ltr'><strong> </strong></span> 
     </span>
    </p>
   </div>
   <div class='ocr_carea' id='block_1_3' title="bbox 564 442 2913 768">
    <p class='ocr_par' dir='ltr' id='par_1_3' title="bbox 564 442 2913 768">
     <span class='ocr_line' id='line_1_3' title="bbox 565 442 2910 567; baseline -0 -37"><span class='ocrx_word' id='word_1_3' title='bbox 565 460 731 552; x_wconf 76' lang='grc' dir='ltr'><strong>αὸτῷ</strong></span> <span class='ocrx_word' id='word_1_4' title='bbox 787 442 1002 554; x_wconf 53' lang='grc' dir='ltr'><strong>ἔχαιρε</strong></span> <span class='ocrx_word' id='word_1_5' title='bbox 1061 467 1352 559; x_wconf 83' lang='grc' dir='ltr'><strong>μάλιστα,</strong></span> <span class='ocrx_word' id='word_1_6' title='bbox 1412 472 1598 555; x_wconf 77' lang='grc' dir='ltr'><strong>μέσον</strong></span> <span class='ocrx_word' id='word_1_7' title='bbox 1657 469 1765 533; x_wconf 77' lang='grc' dir='ltr'><strong>δυο</strong></span> <span class='ocrx_word' id='word_1_8' title='bbox 1821 466 2139 555; x_wconf 77' lang='grc' dir='ltr'>ὀνομάτων</span> <span class='ocrx_word' id='word_1_9' title='bbox 2195 470 2389 542; x_wconf 75' lang='grc' dir='ltr'><strong>τιθεὶς</strong></span> <span class='ocrx_word' id='word_1_10' title='bbox 2448 466 2619 553; x_wconf 82' lang='grc' dir='ltr'><strong>ῥῆμα</strong></span> <span class='ocrx_word' id='word_1_11' title='bbox 2665 470 2733 530; x_wconf 84' lang='grc' dir='ltr'><strong>τὸ</strong></span> <span class='ocrx_word' id='word_1_12' title='bbox 2780 468 2910 567; x_wconf 87' lang='grc' dir='ltr'><strong>μετ’</strong></span> 
     </span>
     <span class='ocr_line' id='line_1_4' title="bbox 564 568 2913 662; baseline -0 -25"><span class='ocrx_word' id='word_1_13' title='bbox 564 568 720 637; x_wconf 74' lang='grc' dir='ltr'><strong>αὒτὰ</strong></span> <span class='ocrx_word' id='word_1_14' title='bbox 773 578 1023 640; x_wconf 81' lang='grc' dir='ltr'><strong>κεῖσθαι</strong></span> <span class='ocrx_word' id='word_1_15' title='bbox 1079 572 1325 662; x_wconf 80' lang='grc' dir='ltr'><strong>ὀφεῖλον</strong></span> <span class='ocrx_word' id='word_1_16' title='bbox 1374 592 1389 607; x_wconf 87' lang='grc'><em>·</em></span> <span class='ocrx_word' id='word_1_17' title='bbox 1434 577 1715 641; x_wconf 84' lang='grc' dir='ltr'><strong>καλεῖται</strong></span> <span class='ocrx_word' id='word_1_18' title='bbox 1770 575 1836 639; x_wconf 88' lang='grc' dir='ltr'><strong>δὲ</strong></span> <span class='ocrx_word' id='word_1_19' title='bbox 1892 580 1962 640; x_wconf 88' lang='grc' dir='ltr'><strong>τὸ</strong></span> <span class='ocrx_word' id='word_1_20' title='bbox 2024 585 2242 662; x_wconf 82' lang='grc' dir='ltr'><strong>σχῆμα</strong></span> <span class='ocrx_word' id='word_1_21' title='bbox 2288 574 2465 640; x_wconf 72' lang='grc' dir='ltr'><strong>τοῦτο</strong></span> <span class='ocrx_word' id='word_1_22' title='bbox 2510 577 2617 640; x_wconf 82' lang='grc' dir='ltr'><strong>καὶ</strong></span> <span class='ocrx_word' id='word_1_23' title='bbox 2661 577 2913 659; x_wconf 84' lang='grc' dir='ltr'><strong>προεπί-</strong></span> 
     </span>
     <span class='ocr_line' id='line_1_5' title="bbox 565 678 2101 768; baseline 0 -24"><span class='ocrx_word' id='word_1_24' title='bbox 565 680 757 755; x_wconf 72' lang='grc' dir='ltr'><strong>ζευξις</strong></span> <span class='ocrx_word' id='word_1_25' title='bbox 805 699 821 716; x_wconf 90' lang='grc'><em>·</em></span> <span class='ocrx_word' id='word_1_26' title='bbox 869 689 1138 746; x_wconf 83' lang='grc' dir='ltr'><strong>τοιοῦτον</strong></span> <span class='ocrx_word' id='word_1_27' title='bbox 1182 685 1293 747; x_wconf 81' lang='grc' dir='ltr'><strong>καὶ</strong></span> <span class='ocrx_word' id='word_1_28' title='bbox 1337 687 1427 756; x_wconf 86' lang='grc' dir='ltr'><strong>τό,</strong></span> <span class='ocrx_word' id='word_1_29' title='bbox 1477 681 1637 746; x_wconf 80' lang='grc' dir='ltr'><strong>ἔνθα</strong></span> <span class='ocrx_word' id='word_1_30' title='bbox 1685 686 1794 768; x_wconf 85' lang='grc' dir='ltr'><strong>μὲν</strong></span> <span class='ocrx_word' id='word_1_31' title='bbox 1841 678 1928 756; x_wconf 77' lang='grc' dir='ltr'><strong>εἷς</strong></span> <span class='ocrx_word' id='word_1_32' title='bbox 1975 679 2101 747; x_wconf 80' lang='grc' dir='ltr'><strong>κτὲ.</strong></span> 
     </span>
    </p>
   </div>
   <div class='ocr_carea' id='block_1_4' title="bbox 562 837 2914 1363">
    <p class='ocr_par' dir='ltr' id='par_1_4' title="bbox 562 837 2914 1363">
     <span class='ocr_line' id='line_1_6' title="bbox 829 837 2908 924; baseline 0.001 -20"><span class='ocrx_word' id='word_1_33' title='bbox 829 839 891 904; x_wconf 89' lang='lat' dir='ltr'><strong>b.</strong></span> <span class='ocrx_word' id='word_1_34' title='bbox 967 838 1043 903; x_wconf 85' lang='lat' dir='ltr'><strong>ad</strong></span> <span class='ocrx_word' id='word_1_35' title='bbox 1106 837 1176 918; x_wconf 87' lang='grc' dir='ltr'><strong>Υ,</strong></span> <span class='ocrx_word' id='word_1_36' title='bbox 1231 838 1379 919; x_wconf 84' lang='grc'><strong>137,</strong></span> <span class='ocrx_word' id='word_1_37' title='bbox 1427 838 1488 924; x_wconf 75' lang='grc' dir='ltr'><strong>Ρ.</strong></span> <span class='ocrx_word' id='word_1_38' title='bbox 1542 839 1737 921; x_wconf 82' lang='grc'>1200,</span> <span class='ocrx_word' id='word_1_39' title='bbox 1784 838 1894 907; x_wconf 85' lang='grc'><strong>54.</strong></span> <span class='ocrx_word' id='word_1_40' title='bbox 1983 839 2321 906; x_wconf 75' lang='grc' dir='ltr'><strong>Ἰστὲονδὲ</strong></span> <span class='ocrx_word' id='word_1_41' title='bbox 2368 839 2459 921; x_wconf 76' lang='grc' dir='ltr'><strong>ὅτι</strong></span> <span class='ocrx_word' id='word_1_42' title='bbox 2502 847 2591 916; x_wconf 87' lang='grc' dir='ltr'><strong>τό,</strong></span> <span class='ocrx_word' id='word_1_43' title='bbox 2642 837 2694 905; x_wconf 79' lang='grc' dir='ltr'><strong>εἰ</strong></span> <span class='ocrx_word' id='word_1_44' title='bbox 2739 840 2804 913; x_wconf 83' lang='grc' dir='ltr'><strong>δὲ</strong></span> <span class='ocrx_word' id='word_1_45' title='bbox 2849 840 2908 906; x_wconf 89' lang='grc' dir='ltr'><strong>κ’</strong></span> 
     </span>
     <span class='ocr_line' id='line_1_7' title="bbox 580 944 2914 1035; baseline 0 -25"><span class='ocrx_word' id='word_1_46' title='bbox 580 945 758 1034; x_wconf 84' lang='grc' dir='ltr'><strong>Δρης</strong></span> <span class='ocrx_word' id='word_1_47' title='bbox 844 944 971 1025; x_wconf 79' lang='grc' dir='ltr'><strong>κτὲ,</strong></span> <span class='ocrx_word' id='word_1_48' title='bbox 1057 950 1277 1034; x_wconf 82' lang='grc' dir='ltr'><strong>σχῆμά</strong></span> <span class='ocrx_word' id='word_1_49' title='bbox 1349 944 1509 1011; x_wconf 78' lang='grc' dir='ltr'><strong>ἐστιν</strong></span> <span class='ocrx_word' id='word_1_50' title='bbox 1572 945 2017 1034; x_wconf 84' lang='grc' dir='ltr'><strong>Ἀλκμανικὸν,</strong></span> <span class='ocrx_word' id='word_1_51' title='bbox 2085 945 2170 1035; x_wconf 70' lang='grc' dir='ltr'><strong>ὡς</strong></span> <span class='ocrx_word' id='word_1_52' title='bbox 2225 947 2347 1035; x_wconf 84' lang='grc' dir='ltr'><strong>ἤδη</strong></span> <span class='ocrx_word' id='word_1_53' title='bbox 2403 952 2511 1013; x_wconf 84' lang='grc' dir='ltr'><strong>καὶ</strong></span> <span class='ocrx_word' id='word_1_54' title='bbox 2566 945 2628 1012; x_wconf 80' lang='grc' dir='ltr'><strong>ἐν</strong></span> <span class='ocrx_word' id='word_1_55' title='bbox 2696 946 2914 1020; x_wconf 86' lang='grc' dir='ltr'><strong>ἄλλοις</strong></span> 
     </span>
     <span class='ocr_line' id='line_1_8' title="bbox 562 1048 2914 1141; baseline -0 -23"><span class='ocrx_word' id='word_1_56' title='bbox 562 1058 1034 1139; x_wconf 72' lang='grc' dir='ltr'><strong>προγέγραπται,</strong></span> <span class='ocrx_word' id='word_1_57' title='bbox 1090 1048 1228 1141; x_wconf 77' lang='grc' dir='ltr'><strong>οὗχ’</strong></span> <span class='ocrx_word' id='word_1_58' title='bbox 1289 1052 1379 1120; x_wconf 76' lang='grc' dir='ltr'><strong>ὅτι</strong></span> <span class='ocrx_word' id='word_1_59' title='bbox 1438 1053 1471 1119; x_wconf 86' lang='grc' dir='ltr'>ὁ</span> <span class='ocrx_word' id='word_1_60' title='bbox 1518 1056 1845 1141; x_wconf 87' lang='grc' dir='ltr'><strong>μελοποιὸς</strong></span> <span class='ocrx_word' id='word_1_61' title='bbox 1893 1052 2181 1141; x_wconf 84' lang='grc' dir='ltr'><strong>Ἀλκμὰν</strong></span> <span class='ocrx_word' id='word_1_62' title='bbox 2227 1051 2363 1140; x_wconf 75' lang='grc' dir='ltr'><strong>εὗρε</strong></span> <span class='ocrx_word' id='word_1_63' title='bbox 2411 1051 2580 1131; x_wconf 68' lang='grc' dir='ltr'><strong>αὐτό,</strong></span> <span class='ocrx_word' id='word_1_64' title='bbox 2630 1053 2771 1118; x_wconf 83' lang='grc' dir='ltr'><strong>ἀλλ’</strong></span> <span class='ocrx_word' id='word_1_65' title='bbox 2819 1051 2914 1138; x_wconf 69' lang='grc' dir='ltr'><strong>ὅτι</strong></span> 
     </span>
     <span class='ocr_line' id='line_1_9' title="bbox 562 1155 2912 1250; baseline -0.001 -25"><span class='ocrx_word' id='word_1_66' title='bbox 562 1157 841 1249; x_wconf 77' lang='grc' dir='ltr'><strong>Ὀμήρου</strong></span> <span class='ocrx_word' id='word_1_67' title='bbox 888 1155 1169 1245; x_wconf 76' lang='grc' dir='ltr'><strong>εὖρόντος</strong></span> <span class='ocrx_word' id='word_1_68' title='bbox 1216 1160 1463 1248; x_wconf 84' lang='grc' dir='ltr'><strong>ἔχαιρεν</strong></span> <span class='ocrx_word' id='word_1_69' title='bbox 1510 1159 1740 1237; x_wconf 80' lang='grc' dir='ltr'><strong>ἐκεῖνος</strong></span> <span class='ocrx_word' id='word_1_70' title='bbox 1787 1159 1872 1247; x_wconf 77' lang='grc' dir='ltr'><strong>τῷ</strong></span> <span class='ocrx_word' id='word_1_71' title='bbox 1918 1168 2191 1250; x_wconf 85' lang='grc' dir='ltr'><strong>σχήματι</strong></span> <span class='ocrx_word' id='word_1_72' title='bbox 2238 1180 2254 1195; x_wconf 90' lang='grc'>·</span> <span class='ocrx_word' id='word_1_73' title='bbox 2301 1165 2458 1236; x_wconf 84' lang='grc' dir='ltr'><strong>τινὲς</strong></span> <span class='ocrx_word' id='word_1_74' title='bbox 2504 1162 2570 1226; x_wconf 84' lang='grc' dir='ltr'><strong>δὲ</strong></span> <span class='ocrx_word' id='word_1_75' title='bbox 2616 1165 2912 1248; x_wconf 79' lang='grc' dir='ltr'><strong>γράφουσι</strong></span> 
     </span>
     <span class='ocr_line' id='line_1_10' title="bbox 565 1260 2846 1363; baseline 0 -32"><span class='ocrx_word' id='word_1_76' title='bbox 565 1266 799 1353; x_wconf 80' lang='grc' dir='ltr'><strong>ἄρχῃσι</strong></span> <span class='ocrx_word' id='word_1_77' title='bbox 844 1270 953 1332; x_wconf 84' lang='grc' dir='ltr'><strong>καὶ</strong></span> <span class='ocrx_word' id='word_1_78' title='bbox 981 1262 1193 1342; x_wconf 67' lang='grc' dir='ltr'><strong>οὕτως</strong></span> <span class='ocrx_word' id='word_1_79' title='bbox 1240 1266 1597 1363; x_wconf 69' lang='grc' dir='ltr'><strong>ἐκφευγουσι</strong></span> <span class='ocrx_word' id='word_1_80' title='bbox 1644 1272 1756 1358; x_wconf 79' lang='grc' dir='ltr'><strong>τὴν</strong></span> <span class='ocrx_word' id='word_1_81' title='bbox 1802 1274 2236 1355; x_wconf 85' lang='grc' dir='ltr'><strong>καινοτροπίαν</strong></span> <span class='ocrx_word' id='word_1_82' title='bbox 2284 1277 2389 1334; x_wconf 82' lang='grc' dir='ltr'><strong>τοῦ</strong></span> <span class='ocrx_word' id='word_1_83' title='bbox 2437 1274 2778 1356; x_wconf 84' lang='grc' dir='ltr'><strong>σχήματος.</strong></span> <span class='ocrx_word' id='word_1_84' title='bbox 2841 1260 2846 1265; x_wconf 62' lang='grc'><strong>’</strong></span> 
     </span>
    </p>
   </div>
   <div class='ocr_carea' id='block_1_5' title="bbox 561 1424 2915 2372">
    <p class='ocr_par' dir='ltr' id='par_1_5' title="bbox 561 1424 2915 2372">
     <span class='ocr_line' id='line_1_11' title="bbox 853 1424 2913 1513; baseline -0.001 -20"><span class='ocrx_word' id='word_1_85' title='bbox 853 1449 908 1494; x_wconf 80' lang='lat' dir='ltr'><strong>e.</strong></span> <span class='ocrx_word' id='word_1_86' title='bbox 966 1428 1049 1494; x_wconf 84' lang='lat' dir='ltr'><strong>ad</strong></span> <span class='ocrx_word' id='word_1_87' title='bbox 1114 1452 1174 1509; x_wconf 92' lang='grc' dir='ltr'><strong>κ,</strong></span> <span class='ocrx_word' id='word_1_88' title='bbox 1232 1428 1386 1508; x_wconf 79' lang='grc'><strong>513,</strong></span> <span class='ocrx_word' id='word_1_89' title='bbox 1451 1450 1513 1513; x_wconf 98' lang='grc' dir='ltr'><strong>Ρ.</strong></span> <span class='ocrx_word' id='word_1_90' title='bbox 1584 1427 1779 1508; x_wconf 73' lang='grc'>1667,</span> <span class='ocrx_word' id='word_1_91' title='bbox 1844 1427 1952 1493; x_wconf 88' lang='lat'><strong>34.</strong></span> <span class='ocrx_word' id='word_1_92' title='bbox 2067 1426 2294 1495; x_wconf 81' lang='grc' dir='ltr'><strong>Ἰστέον</strong></span> <span class='ocrx_word' id='word_1_93' title='bbox 2359 1430 2427 1494; x_wconf 84' lang='grc' dir='ltr'><strong>δὲ</strong></span> <span class='ocrx_word' id='word_1_94' title='bbox 2492 1427 2586 1494; x_wconf 77' lang='grc' dir='ltr'><strong>ὅτι</strong></span> <span class='ocrx_word' id='word_1_95' title='bbox 2649 1434 2738 1505; x_wconf 90' lang='grc' dir='ltr'><strong>τό,</strong></span> <span class='ocrx_word' id='word_1_96' title='bbox 2804 1424 2913 1502; x_wconf 80' lang='grc' dir='ltr'><strong>Εἷς</strong></span> 
     </span>
     <span class='ocr_line' id='line_1_12' title="bbox 561 1532 2912 1623; baseline -0.001 -23"><span class='ocrx_word' id='word_1_97' title='bbox 561 1532 911 1622; x_wconf 78' lang='grc' dir='ltr'><strong>Ἃχὲροντα</strong></span> <span class='ocrx_word' id='word_1_98' title='bbox 993 1537 1129 1615; x_wconf 91' lang='grc' dir='ltr'><strong>κτλ,</strong></span> <span class='ocrx_word' id='word_1_99' title='bbox 1212 1536 1743 1622; x_wconf 78' lang='grc' dir='ltr'><strong>προδιεζευγμενον</strong></span> <span class='ocrx_word' id='word_1_100' title='bbox 1838 1546 2056 1623; x_wconf 85' lang='grc' dir='ltr'><strong>σχῆμα</strong></span> <span class='ocrx_word' id='word_1_101' title='bbox 2140 1539 2423 1602; x_wconf 84' lang='grc' dir='ltr'><strong>καλεῖται</strong></span> <span class='ocrx_word' id='word_1_102' title='bbox 2507 1555 2521 1570; x_wconf 90' lang='grc'><em>·</em></span> <span class='ocrx_word' id='word_1_103' title='bbox 2608 1533 2758 1621; x_wconf 74' lang='grc' dir='ltr'><strong>ὅπερ</strong></span> <span class='ocrx_word' id='word_1_104' title='bbox 2849 1533 2912 1599; x_wconf 84' lang='grc' dir='ltr'><strong>ὲν</strong></span> 
     </span>
     <span class='ocr_line' id='line_1_13' title="bbox 568 1637 2913 1730; baseline -0.001 -23"><span class='ocrx_word' id='word_1_105' title='bbox 568 1640 786 1716; x_wconf 86' lang='grc' dir='ltr'><strong>ἄλλοις</strong></span> <span class='ocrx_word' id='word_1_106' title='bbox 844 1637 1078 1730; x_wconf 79' lang='grc' dir='ltr'><strong>ἐρῤἑθη</strong></span> <span class='ocrx_word' id='word_1_107' title='bbox 1138 1646 1245 1708; x_wconf 88' lang='grc' dir='ltr'><strong>καὶ</strong></span> <span class='ocrx_word' id='word_1_108' title='bbox 1307 1640 1728 1729; x_wconf 88' lang='grc' dir='ltr'><strong>Ἀλκμανικὸν</strong></span> <span class='ocrx_word' id='word_1_109' title='bbox 1793 1646 2089 1726; x_wconf 79' lang='grc' dir='ltr'><strong>λέγεσθαι</strong></span> <span class='ocrx_word' id='word_1_110' title='bbox 2146 1644 2246 1708; x_wconf 86' lang='grc' dir='ltr'><strong>διὰ</strong></span> <span class='ocrx_word' id='word_1_111' title='bbox 2302 1648 2370 1708; x_wconf 87' lang='grc' dir='ltr'><strong>τὸ</strong></span> <span class='ocrx_word' id='word_1_112' title='bbox 2416 1648 2518 1708; x_wconf 88' lang='grc' dir='ltr'><strong>τὸν</strong></span> <span class='ocrx_word' id='word_1_113' title='bbox 2580 1641 2913 1727; x_wconf 78' lang='grc' dir='ltr'><strong>Ἀλκμᾶνα</strong></span> 
     </span>
     <span class='ocr_line' id='line_1_14' title="bbox 567 1744 2913 1836; baseline -0.001 -22"><span class='ocrx_word' id='word_1_114' title='bbox 567 1754 935 1835; x_wconf 79' lang='grc' dir='ltr'><strong>κατακόρως</strong></span> <span class='ocrx_word' id='word_1_115' title='bbox 1001 1744 1167 1836; x_wconf 72' lang='grc' dir='ltr'><strong>αὐτῷ</strong></span> <span class='ocrx_word' id='word_1_116' title='bbox 1212 1754 1519 1836; x_wconf 80' lang='grc' dir='ltr'><strong>χρᾶσθαι·</strong></span> <span class='ocrx_word' id='word_1_117' title='bbox 1565 1748 1712 1815; x_wconf 82' lang='grc' dir='ltr'><strong>οἷον·</strong></span> <span class='ocrx_word' id='word_1_118' title='bbox 1758 1746 2027 1835; x_wconf 85' lang='grc' dir='ltr'>Κάστωρ</span> <span class='ocrx_word' id='word_1_119' title='bbox 2103 1748 2313 1816; x_wconf 78' lang='grc' dir='ltr'><strong>ὠκέων</strong></span> <span class='ocrx_word' id='word_1_120' title='bbox 2368 1750 2591 1814; x_wconf 83' lang='grc' dir='ltr'><strong>πώλων</strong></span> <span class='ocrx_word' id='word_1_121' title='bbox 2650 1746 2913 1836; x_wconf 79' lang='grc' dir='ltr'><strong>ἐλατῆρε</strong></span> 
     </span>
     <span class='ocr_line' id='line_1_15' title="bbox 569 1853 2914 1942; baseline -0.001 -21"><span class='ocrx_word' id='word_1_122' title='bbox 569 1859 677 1921; x_wconf 83' lang='grc' dir='ltr'><strong>καὶ</strong></span> <span class='ocrx_word' id='word_1_123' title='bbox 721 1853 1148 1932; x_wconf 79' lang='grc' dir='ltr'><strong>Πολυδευκεις.</strong></span> <span class='ocrx_word' id='word_1_124' title='bbox 1239 1854 1482 1922; x_wconf 83' lang='grc' dir='ltr'><strong>Γίνεται</strong></span> <span class='ocrx_word' id='word_1_125' title='bbox 1528 1858 1615 1934; x_wconf 85' lang='grc' dir='ltr'><strong>δὲ,</strong></span> <span class='ocrx_word' id='word_1_126' title='bbox 1677 1854 1764 1921; x_wconf 70' lang='grc' dir='ltr'><strong>ὅτ’</strong></span> <span class='ocrx_word' id='word_1_127' title='bbox 1812 1854 1886 1920; x_wconf 80' lang='grc' dir='ltr'><strong>ἂν</strong></span> <span class='ocrx_word' id='word_1_128' title='bbox 1934 1861 2002 1921; x_wconf 88' lang='grc' dir='ltr'><strong>τὸ</strong></span> <span class='ocrx_word' id='word_1_129' title='bbox 2050 1859 2207 1942; x_wconf 81' lang='grc' dir='ltr'><strong>μετὰ</strong></span> <span class='ocrx_word' id='word_1_130' title='bbox 2251 1856 2358 1920; x_wconf 82' lang='grc' dir='ltr'><strong>δὺο</strong></span> <span class='ocrx_word' id='word_1_131' title='bbox 2405 1856 2598 1929; x_wconf 77' lang='grc' dir='ltr'><strong>λέξεις</strong></span> <span class='ocrx_word' id='word_1_132' title='bbox 2645 1858 2914 1942; x_wconf 78' lang='grc' dir='ltr'><strong>τεθησό-</strong></span> 
     </span>
     <span class='ocr_line' id='line_1_16' title="bbox 569 1962 2913 2052; baseline -0.001 -24"><span class='ocrx_word' id='word_1_133' title='bbox 569 1985 751 2050; x_wconf 88' lang='grc' dir='ltr'><strong>μενον</strong></span> <span class='ocrx_word' id='word_1_134' title='bbox 812 1965 1226 2052; x_wconf 76' lang='grc' dir='ltr'><strong>μεσολαβηθῄ</strong></span> <span class='ocrx_word' id='word_1_135' title='bbox 1285 1967 1438 2052; x_wconf 85' lang='grc' dir='ltr'><strong>μετὰ</strong></span> <span class='ocrx_word' id='word_1_136' title='bbox 1497 1970 1643 2051; x_wconf 81' lang='grc' dir='ltr'><strong>μίαν</strong></span> <span class='ocrx_word' id='word_1_137' title='bbox 1691 1968 1890 2029; x_wconf 74' lang='grc' dir='ltr'><strong>τεθὲν·</strong></span> <span class='ocrx_word' id='word_1_138' title='bbox 1938 1962 2064 2030; x_wconf 83' lang='grc' dir='ltr'><strong>οἷον</strong></span> <span class='ocrx_word' id='word_1_139' title='bbox 2113 1983 2128 1998; x_wconf 91' lang='grc'><em>·</em></span> <span class='ocrx_word' id='word_1_140' title='bbox 2176 1962 2293 2045; x_wconf 79' lang='grc' dir='ltr'><strong>ἐγὼ</strong></span> <span class='ocrx_word' id='word_1_141' title='bbox 2340 1962 2620 2050; x_wconf 82' lang='grc' dir='ltr'><strong>ἤλθομεν</strong></span> <span class='ocrx_word' id='word_1_142' title='bbox 2667 1966 2773 2028; x_wconf 85' lang='grc' dir='ltr'><strong>καὶ</strong></span> <span class='ocrx_word' id='word_1_143' title='bbox 2818 1964 2913 2038; x_wconf 82' lang='grc' dir='ltr'><strong>συ,</strong></span> 
     </span>
     <span class='ocr_line' id='line_1_17' title="bbox 563 2064 2913 2158; baseline -0 -25"><span class='ocrx_word' id='word_1_144' title='bbox 563 2074 633 2134; x_wconf 88' lang='grc' dir='ltr'><strong>τὸ</strong></span> <span class='ocrx_word' id='word_1_145' title='bbox 698 2072 812 2156; x_wconf 85' lang='grc' dir='ltr'><strong>γὰρ</strong></span> <span class='ocrx_word' id='word_1_146' title='bbox 878 2069 1158 2158; x_wconf 78' lang='grc' dir='ltr'><strong>ἤλθομεν</strong></span> <span class='ocrx_word' id='word_1_147' title='bbox 1221 2073 1654 2158; x_wconf 86' lang='grc' dir='ltr'><strong>μεσολαβεῖται</strong></span> <span class='ocrx_word' id='word_1_148' title='bbox 1718 2073 1850 2136; x_wconf 89' lang='grc' dir='ltr'><strong>δυσὶ</strong></span> <span class='ocrx_word' id='word_1_149' title='bbox 1906 2071 2123 2148; x_wconf 74' lang='grc' dir='ltr'><strong>λέξεσι,</strong></span> <span class='ocrx_word' id='word_1_150' title='bbox 2188 2067 2271 2134; x_wconf 82' lang='grc' dir='ltr'><strong>ὧν</strong></span> <span class='ocrx_word' id='word_1_151' title='bbox 2332 2064 2597 2155; x_wconf 76' lang='grc' dir='ltr'><strong>ὑστέρων</strong></span> <span class='ocrx_word' id='word_1_152' title='bbox 2654 2072 2913 2157; x_wconf 78' lang='grc' dir='ltr'><strong>τεθῆναι</strong></span> 
     </span>
     <span class='ocr_line' id='line_1_18' title="bbox 564 2173 2915 2265; baseline -0.001 -24"><span class='ocrx_word' id='word_1_153' title='bbox 564 2175 821 2265; x_wconf 73' lang='grc' dir='ltr'><strong>ὤφειλεν</strong></span> <span class='ocrx_word' id='word_1_154' title='bbox 883 2195 898 2210; x_wconf 87' lang='grc'><em>·</em></span> <span class='ocrx_word' id='word_1_155' title='bbox 960 2175 1045 2252; x_wconf 78' lang='grc' dir='ltr'><strong>ὣς</strong></span> <span class='ocrx_word' id='word_1_156' title='bbox 1110 2182 1218 2243; x_wconf 87' lang='grc' dir='ltr'><strong>καὶ</strong></span> <span class='ocrx_word' id='word_1_157' title='bbox 1293 2175 1570 2244; x_wconf 78' lang='grc' dir='ltr'><strong>ἐνταῦθα</strong></span> <span class='ocrx_word' id='word_1_158' title='bbox 1642 2184 1709 2244; x_wconf 88' lang='grc' dir='ltr'><strong>τὸ</strong></span> <span class='ocrx_word' id='word_1_159' title='bbox 1777 2176 1980 2264; x_wconf 78' lang='grc' dir='ltr'>ῥέουσι</span> <span class='ocrx_word' id='word_1_160' title='bbox 2048 2182 2232 2264; x_wconf 78' lang='grc' dir='ltr'><strong>μέσον</strong></span> <span class='ocrx_word' id='word_1_161' title='bbox 2295 2186 2495 2242; x_wconf 85' lang='grc' dir='ltr'><strong>κεῖται</strong></span> <span class='ocrx_word' id='word_1_162' title='bbox 2552 2186 2657 2242; x_wconf 82' lang='grc' dir='ltr'><strong>τοῦ</strong></span> <span class='ocrx_word' id='word_1_163' title='bbox 2721 2173 2915 2260; x_wconf 82' lang='grc' dir='ltr'><strong>Πυρι-</strong></span> 
     </span>
     <span class='ocr_line' id='line_1_19' title="bbox 568 2279 2351 2372; baseline -0.001 -24"><span class='ocrx_word' id='word_1_164' title='bbox 568 2286 773 2366; x_wconf 78' lang='grc' dir='ltr'><strong>γεθων</strong></span> <span class='ocrx_word' id='word_1_165' title='bbox 820 2287 928 2350; x_wconf 88' lang='grc' dir='ltr'><strong>καὶ</strong></span> <span class='ocrx_word' id='word_1_166' title='bbox 973 2281 1293 2361; x_wconf 77' lang='grc' dir='ltr'><strong>Κωκυτὸς,</strong></span> <span class='ocrx_word' id='word_1_167' title='bbox 1340 2282 1587 2372; x_wconf 80' lang='grc' dir='ltr'><strong>ὀφεῖλον</strong></span> <span class='ocrx_word' id='word_1_168' title='bbox 1635 2289 1889 2351; x_wconf 78' lang='grc' dir='ltr'><strong>κεῖσθαι</strong></span> <span class='ocrx_word' id='word_1_169' title='bbox 1928 2288 2057 2372; x_wconf 86' lang='grc' dir='ltr'><strong>μετ’</strong></span> <span class='ocrx_word' id='word_1_170' title='bbox 2109 2279 2351 2359; x_wconf 69' lang='grc' dir='ltr'><strong>αὐτοὺς.</strong></span> 
     </span>
    </p>
   </div>
   <div class='ocr_carea' id='block_1_6' title="bbox 565 2414 2913 2623">
    <p class='ocr_par' dir='ltr' id='par_1_6' title="bbox 565 2414 2913 2623">
     <span class='ocr_line' id='line_1_20' title="bbox 861 2414 2913 2516; baseline 0 -27"><span class='ocrx_word' id='word_1_171' title='bbox 861 2424 922 2490; x_wconf 85' lang='lat' dir='ltr'><strong>d.</strong></span> <span class='ocrx_word' id='word_1_172' title='bbox 972 2424 1053 2492; x_wconf 78' lang='lat' dir='ltr'><strong>ad</strong></span> <span class='ocrx_word' id='word_1_173' title='bbox 1101 2427 1153 2505; x_wconf 74' lang='grc' dir='ltr'><strong>Ε,</strong></span> <span class='ocrx_word' id='word_1_174' title='bbox 1204 2427 1355 2505; x_wconf 79' lang='grc'>217,</span> <span class='ocrx_word' id='word_1_175' title='bbox 1413 2449 1476 2510; x_wconf 91' lang='lat' dir='ltr'><strong>p.</strong></span> <span class='ocrx_word' id='word_1_176' title='bbox 1539 2414 1744 2506; x_wconf 79' lang='grc'>1762,</span> <span class='ocrx_word' id='word_1_177' title='bbox 1782 2425 1887 2491; x_wconf 89' lang='grc'><strong>33.</strong></span> <span class='ocrx_word' id='word_1_178' title='bbox 1938 2425 2093 2516; x_wconf 64' lang='grc' dir='ltr'><strong>δ’δή</strong></span> <span class='ocrx_word' id='word_1_179' title='bbox 2141 2430 2249 2491; x_wconf 85' lang='grc' dir='ltr'><strong>καὶ</strong></span> <span class='ocrx_word' id='word_1_180' title='bbox 2295 2421 2445 2491; x_wconf 73' lang='grc' dir='ltr'><strong>αὐτὸ</strong></span> <span class='ocrx_word' id='word_1_181' title='bbox 2490 2423 2913 2511; x_wconf 86' lang='grc' dir='ltr'><strong>Ἀλκμανικόν</strong></span> 
     </span>
     <span class='ocr_line' id='line_1_21' title="bbox 565 2531 2668 2623; baseline -0 -25"><span class='ocrx_word' id='word_1_182' title='bbox 565 2531 691 2599; x_wconf 83' lang='grc' dir='ltr'><strong>ἐστι</strong></span> <span class='ocrx_word' id='word_1_183' title='bbox 737 2544 958 2622; x_wconf 81' lang='grc' dir='ltr'><strong>σχῆμα</strong></span> <span class='ocrx_word' id='word_1_184' title='bbox 1001 2537 1166 2600; x_wconf 83' lang='grc' dir='ltr'><strong>κατὰ</strong></span> <span class='ocrx_word' id='word_1_185' title='bbox 1212 2541 1301 2612; x_wconf 89' lang='grc' dir='ltr'><strong>τό,</strong></span> <span class='ocrx_word' id='word_1_186' title='bbox 1348 2534 1835 2623; x_wconf 75' lang='grc' dir='ltr'>Πυριφλεγέθων</span> <span class='ocrx_word' id='word_1_187' title='bbox 1882 2559 1946 2599; x_wconf 88' lang='grc' dir='ltr'><strong>τε</strong></span> <span class='ocrx_word' id='word_1_188' title='bbox 1992 2533 2195 2620; x_wconf 77' lang='grc' dir='ltr'><strong>ῥέουσι</strong></span> <span class='ocrx_word' id='word_1_189' title='bbox 2240 2531 2540 2607; x_wconf 89' lang='grc' dir='ltr'><strong>Κωκυτός</strong></span> <span class='ocrx_word' id='word_1_190' title='bbox 2587 2556 2668 2597; x_wconf 89' lang='grc' dir='ltr'><strong>τε.</strong></span> 
     </span>
    </p>
   </div>
   <div class='ocr_carea' id='block_1_7' title="bbox 744 2671 3049 2766">
    <p class='ocr_par' dir='ltr' id='par_1_7' title="bbox 744 2671 3049 2766">
     <span class='ocr_line' id='line_1_22' title="bbox 744 2671 3049 2766; baseline -0 -26"><span class='ocrx_word' id='word_1_191' title='bbox 744 2678 804 2740; x_wconf 90' lang='grc'><strong>5.</strong></span> <span class='ocrx_word' id='word_1_192' title='bbox 851 2674 1108 2741; x_wconf 83' lang='lat' dir='ltr'><strong>Schol.</strong></span> <span class='ocrx_word' id='word_1_193' title='bbox 1177 2675 1269 2741; x_wconf 82' lang='lat' dir='ltr'><strong>ad</strong></span> <span class='ocrx_word' id='word_1_194' title='bbox 1337 2676 1550 2742; x_wconf 88' lang='lat' dir='ltr'><strong>Pind.</strong></span> <span class='ocrx_word' id='word_1_195' title='bbox 1608 2678 1725 2763; x_wconf 85' lang='lat' dir='ltr'><strong>Py.</strong></span> <span class='ocrx_word' id='word_1_196' title='bbox 1783 2676 1896 2758; x_wconf 87' lang='lat' dir='ltr'><strong>IV,</strong></span> <span class='ocrx_word' id='word_1_197' title='bbox 1955 2676 2106 2742; x_wconf 88' lang='lat'><strong>318.</strong></span> <span class='ocrx_word' id='word_1_198' title='bbox 2207 2688 2292 2762; x_wconf 84' lang='grc' dir='ltr'><strong>τῷ</strong></span> <span class='ocrx_word' id='word_1_199' title='bbox 2348 2676 2413 2740; x_wconf 88' lang='grc' dir='ltr'><strong>δὲ</strong></span> <span class='ocrx_word' id='word_1_200' title='bbox 2470 2681 2745 2766; x_wconf 81' lang='grc' dir='ltr'><strong>σχήματι</strong></span> <span class='ocrx_word' id='word_1_201' title='bbox 2801 2684 2912 2761; x_wconf 81' lang='grc' dir='ltr'><strong>τῆς</strong></span> <span class='ocrx_word' id='word_1_202' title='bbox 3038 2671 3049 2681; x_wconf 84' lang='grc'>’</span> 
     </span>
    </p>
   </div>
   <div class='ocr_carea' id='block_1_8' title="bbox 563 2781 2911 3301">
    <p class='ocr_par' dir='ltr' id='par_1_8' title="bbox 563 2781 2911 3301">
     <span class='ocr_line' id='line_1_23' title="bbox 569 2781 2910 2872; baseline -0.001 -25"><span class='ocrx_word' id='word_1_203' title='bbox 569 2781 897 2871; x_wconf 83' lang='grc' dir='ltr'><strong>ἑρμηνείας</strong></span> <span class='ocrx_word' id='word_1_204' title='bbox 956 2784 1310 2858; x_wconf 74' lang='grc' dir='ltr'><strong>πλειστάκις</strong></span> <span class='ocrx_word' id='word_1_205' title='bbox 1366 2782 1654 2871; x_wconf 82' lang='grc' dir='ltr'><strong>Ἀλκμὰν</strong></span> <span class='ocrx_word' id='word_1_206' title='bbox 1719 2789 2044 2872; x_wconf 73' lang='grc' dir='ltr'><strong>κέχρηται·</strong></span> <span class='ocrx_word' id='word_1_207' title='bbox 2154 2782 2305 2849; x_wconf 82' lang='grc' dir='ltr'><strong>ἐπὰν</strong></span> <span class='ocrx_word' id='word_1_208' title='bbox 2371 2785 2486 2871; x_wconf 86' lang='grc' dir='ltr'><strong>γὰρ</strong></span> <span class='ocrx_word' id='word_1_209' title='bbox 2551 2786 2686 2869; x_wconf 85' lang='grc' dir='ltr'><strong>περὶ</strong></span> <span class='ocrx_word' id='word_1_210' title='bbox 2751 2782 2910 2846; x_wconf 82' lang='grc' dir='ltr'><strong>δυοῖν</strong></span> 
     </span>
     <span class='ocr_line' id='line_1_24' title="bbox 563 2887 2911 2978; baseline -0.001 -24"><span class='ocrx_word' id='word_1_211' title='bbox 563 2900 817 2978; x_wconf 79' lang='grc' dir='ltr'><strong>ποιῆται</strong></span> <span class='ocrx_word' id='word_1_212' title='bbox 864 2893 964 2954; x_wconf 84' lang='grc' dir='ltr'><strong>τὸν</strong></span> <span class='ocrx_word' id='word_1_213' title='bbox 1011 2893 1214 2973; x_wconf 89' lang='grc' dir='ltr'><strong>λόγον,</strong></span> <span class='ocrx_word' id='word_1_214' title='bbox 1262 2895 1330 2955; x_wconf 88' lang='grc' dir='ltr'><strong>τὸ</strong></span> <span class='ocrx_word' id='word_1_215' title='bbox 1377 2888 1581 2976; x_wconf 77' lang='grc' dir='ltr'><strong>ἕτερον</strong></span> <span class='ocrx_word' id='word_1_216' title='bbox 1631 2891 1827 2977; x_wconf 83' lang='grc' dir='ltr'><strong>ὄνομα</strong></span> <span class='ocrx_word' id='word_1_217' title='bbox 1873 2894 2127 2977; x_wconf 81' lang='grc' dir='ltr'><strong>προθεὶς</strong></span> <span class='ocrx_word' id='word_1_218' title='bbox 2182 2892 2316 2975; x_wconf 86' lang='grc' dir='ltr'><strong>περὶ</strong></span> <span class='ocrx_word' id='word_1_219' title='bbox 2374 2887 2598 2978; x_wconf 79' lang='grc' dir='ltr'><strong>ἀμφοῖν</strong></span> <span class='ocrx_word' id='word_1_220' title='bbox 2656 2898 2911 2954; x_wconf 89' lang='grc' dir='ltr'><strong>ποιεῖται</strong></span> 
     </span>
     <span class='ocr_line' id='line_1_25' title="bbox 565 2991 2910 3083; baseline -0.001 -22"><span class='ocrx_word' id='word_1_221' title='bbox 565 3001 667 3062; x_wconf 87' lang='grc' dir='ltr'><strong>τὸν</strong></span> <span class='ocrx_word' id='word_1_222' title='bbox 727 2999 929 3080; x_wconf 88' lang='grc' dir='ltr'><strong>λόγον,</strong></span> <span class='ocrx_word' id='word_1_223' title='bbox 987 2995 1118 3063; x_wconf 84' lang='grc' dir='ltr'><strong>εἶτα</strong></span> <span class='ocrx_word' id='word_1_224' title='bbox 1173 2991 1333 3063; x_wconf 74' lang='grc' dir='ltr'><strong>οὔτω</strong></span> <span class='ocrx_word' id='word_1_225' title='bbox 1390 3002 1458 3063; x_wconf 84' lang='grc' dir='ltr'><strong>τὸ</strong></span> <span class='ocrx_word' id='word_1_226' title='bbox 1514 2996 1719 3083; x_wconf 78' lang='grc' dir='ltr'><strong>ἕτερον</strong></span> <span class='ocrx_word' id='word_1_227' title='bbox 1774 2996 2314 3083; x_wconf 86' lang='grc' dir='ltr'><strong>προςαποδίδωσιν,</strong></span> <span class='ocrx_word' id='word_1_228' title='bbox 2385 2995 2530 3062; x_wconf 80' lang='grc' dir='ltr'><strong>οἷον·</strong></span> <span class='ocrx_word' id='word_1_229' title='bbox 2642 2995 2910 3080; x_wconf 89' lang='grc' dir='ltr'><strong>Κάστωρ</strong></span> 
     </span>
     <span class='ocr_line' id='line_1_26' title="bbox 565 3100 2908 3194; baseline -0.001 -25"><span class='ocrx_word' id='word_1_230' title='bbox 565 3126 649 3181; x_wconf 89' lang='grc' dir='ltr'><strong>τε,</strong></span> <span class='ocrx_word' id='word_1_231' title='bbox 694 3106 917 3170; x_wconf 87' lang='grc' dir='ltr'><strong>πώλων</strong></span> <span class='ocrx_word' id='word_1_232' title='bbox 964 3110 1202 3192; x_wconf 88' lang='grc' dir='ltr'><strong>τάχεων</strong></span> <span class='ocrx_word' id='word_1_233' title='bbox 1232 3106 1559 3194; x_wconf 81' lang='grc' dir='ltr'><strong>δμητῆρες,</strong></span> <span class='ocrx_word' id='word_1_234' title='bbox 1603 3100 1850 3171; x_wconf 84' lang='grc' dir='ltr'><strong>ἱππόται</strong></span> <span class='ocrx_word' id='word_1_235' title='bbox 1880 3103 2077 3194; x_wconf 79' lang='grc' dir='ltr'><strong>σοφοί,</strong></span> <span class='ocrx_word' id='word_1_236' title='bbox 2106 3108 2213 3170; x_wconf 86' lang='grc' dir='ltr'><strong>καὶ</strong></span> <span class='ocrx_word' id='word_1_237' title='bbox 2243 3102 2639 3191; x_wconf 78' lang='grc' dir='ltr'><strong>Πολυδευκης</strong></span> <span class='ocrx_word' id='word_1_238' title='bbox 2666 3102 2908 3187; x_wconf 82' lang='grc' dir='ltr'><strong>κυδρός,</strong></span> 
     </span>
     <span class='ocr_line' id='line_1_27' title="bbox 564 3208 1581 3301; baseline -0.001 -24"><span class='ocrx_word' id='word_1_239' title='bbox 564 3216 671 3278; x_wconf 90' lang='grc' dir='ltr'><strong>καὶ</strong></span> <span class='ocrx_word' id='word_1_240' title='bbox 698 3208 1010 3300; x_wconf 57' lang='grc' dir='ltr'><strong>’Όμηρος</strong></span> <span class='ocrx_word' id='word_1_241' title='bbox 1101 3210 1213 3301; x_wconf 81' lang='grc' dir='ltr'><strong>ἧχι</strong></span> <span class='ocrx_word' id='word_1_242' title='bbox 1258 3209 1410 3297; x_wconf 78' lang='grc' dir='ltr'><strong>ῥοὰς</strong></span> <span class='ocrx_word' id='word_1_243' title='bbox 1455 3209 1581 3277; x_wconf 83' lang='grc' dir='ltr'><strong>κτὲ.</strong></span> 
     </span>
    </p>
   </div>
   <div class='ocr_carea' id='block_1_9' title="bbox 565 3365 2910 3674">
    <p class='ocr_par' dir='ltr' id='par_1_9' title="bbox 565 3365 2910 3674">
     <span class='ocr_line' id='line_1_28' title="bbox 746 3365 2909 3458; baseline -0.001 -24"><span class='ocrx_word' id='word_1_244' title='bbox 746 3368 808 3435; x_wconf 91' lang='grc'><strong>6.</strong></span> <span class='ocrx_word' id='word_1_245' title='bbox 857 3368 1171 3449; x_wconf 82' lang='lat' dir='ltr'>Suidae,</span> <span class='ocrx_word' id='word_1_246' title='bbox 1227 3369 1281 3449; x_wconf 91' lang='grc' dir='ltr'><strong>Ι,</strong></span> <span class='ocrx_word' id='word_1_247' title='bbox 1345 3370 1379 3434; x_wconf 94' lang='grc'>1</span> <span class='ocrx_word' id='word_1_248' title='bbox 1441 3393 1503 3456; x_wconf 98' lang='grc' dir='ltr'><strong>Ρ.</strong></span> <span class='ocrx_word' id='word_1_249' title='bbox 1563 3369 1716 3436; x_wconf 84' lang='grc'><strong>230.</strong></span> <span class='ocrx_word' id='word_1_250' title='bbox 1772 3392 1821 3436; x_wconf 78' lang='lat'><strong>8.</strong></span> <span class='ocrx_word' id='word_1_251' title='bbox 1870 3392 1931 3436; x_wconf 81' lang='lat' dir='ltr'><strong>v,</strong></span> <span class='ocrx_word' id='word_1_252' title='bbox 2014 3369 2435 3458; x_wconf 83' lang='grc' dir='ltr'><strong>Ἀλκμανικὸν</strong></span> <span class='ocrx_word' id='word_1_253' title='bbox 2493 3367 2671 3448; x_wconf 85' lang='grc' dir='ltr'><strong>εἶδος·</strong></span> <span class='ocrx_word' id='word_1_254' title='bbox 2762 3365 2909 3453; x_wconf 75' lang='grc' dir='ltr'><strong>ὅπερ</strong></span> 
     </span>
     <span class='ocr_line' id='line_1_29' title="bbox 565 3475 2910 3580; baseline -0.003 -35"><span class='ocrx_word' id='word_1_255' title='bbox 565 3480 946 3580; x_wconf 85' lang='grc' dir='ltr'><strong>πεπλεόνακε</strong></span> <span class='ocrx_word' id='word_1_256' title='bbox 1002 3481 1175 3565; x_wconf 83' lang='grc' dir='ltr'><strong>παρὰ</strong></span> <span class='ocrx_word' id='word_1_257' title='bbox 1218 3477 1528 3565; x_wconf 84' lang='grc' dir='ltr'><strong>Ἀλκμᾶνι</strong></span> <span class='ocrx_word' id='word_1_258' title='bbox 1585 3482 1654 3543; x_wconf 83' lang='grc' dir='ltr'><strong>τὸ</strong></span> <span class='ocrx_word' id='word_1_259' title='bbox 1711 3476 1851 3544; x_wconf 83' lang='grc' dir='ltr'><strong>κατ’</strong></span> <span class='ocrx_word' id='word_1_260' title='bbox 1909 3477 2228 3567; x_wconf 74' lang='grc' dir='ltr'><strong>ἀμφότερα</strong></span> <span class='ocrx_word' id='word_1_261' title='bbox 2284 3475 2455 3566; x_wconf 80' lang='grc' dir='ltr'><strong>ῥῆμα</strong></span> <span class='ocrx_word' id='word_1_262' title='bbox 2512 3476 2737 3564; x_wconf 79' lang='grc' dir='ltr'><strong>μεταξὺ</strong></span> <span class='ocrx_word' id='word_1_263' title='bbox 2793 3487 2910 3540; x_wconf 86' lang='grc' dir='ltr'><strong>τῶν</strong></span> 
     </span>
     <span class='ocr_line' id='line_1_30' title="bbox 566 3581 2467 3674; baseline -0.002 -22"><span class='ocrx_word' id='word_1_264' title='bbox 566 3584 882 3674; x_wconf 82' lang='grc' dir='ltr'><strong>ὀνομάτων</strong></span> <span class='ocrx_word' id='word_1_265' title='bbox 928 3590 1272 3673; x_wconf 78' lang='grc' dir='ltr'><strong>τεταχὲναι·</strong></span> <span class='ocrx_word' id='word_1_266' title='bbox 1317 3589 1425 3651; x_wconf 83' lang='grc' dir='ltr'><strong>καὶ</strong></span> <span class='ocrx_word' id='word_1_267' title='bbox 1469 3587 1615 3672; x_wconf 83' lang='grc' dir='ltr'><strong>παρ’</strong></span> <span class='ocrx_word' id='word_1_268' title='bbox 1662 3583 1941 3674; x_wconf 79' lang='grc' dir='ltr'><strong>Ὁμήρῳ·</strong></span> <span class='ocrx_word' id='word_1_269' title='bbox 1989 3583 2101 3674; x_wconf 81' lang='grc' dir='ltr'><strong>ἧχι</strong></span> <span class='ocrx_word' id='word_1_270' title='bbox 2146 3581 2296 3670; x_wconf 77' lang='grc' dir='ltr'><strong>ῥοὰς</strong></span> <span class='ocrx_word' id='word_1_271' title='bbox 2341 3582 2467 3654; x_wconf 75' lang='grc' dir='ltr'><strong>κτὲ.</strong></span> 
     </span>
    </p>
   </div>
   <div class='ocr_carea' id='block_1_10' title="bbox 567 3719 2912 4128">
    <p class='ocr_par' dir='ltr' id='par_1_10' title="bbox 567 3719 2912 4128">
     <span class='ocr_line' id='line_1_31' title="bbox 642 3719 2911 3813; baseline -0.002 -19"><span class='ocrx_word' id='word_1_272' title='bbox 642 3719 645 3728; x_wconf 70' lang='grc'><strong>’</strong></span> <span class='ocrx_word' id='word_1_273' title='bbox 746 3727 1016 3795; x_wconf 75' lang='lat' dir='ltr'><strong>Schema</strong></span> <span class='ocrx_word' id='word_1_274' title='bbox 1061 3728 1506 3794; x_wconf 82' lang='lat' dir='ltr'><strong>Alcmanicum</strong></span> <span class='ocrx_word' id='word_1_275' title='bbox 1564 3750 1604 3792; x_wconf 81' lang='lat' dir='ltr'><strong>a</strong></span> <span class='ocrx_word' id='word_1_276' title='bbox 1650 3726 1846 3795; x_wconf 83' lang='lat' dir='ltr'><strong>schol.</strong></span> <span class='ocrx_word' id='word_1_277' title='bbox 1896 3726 1995 3813; x_wconf 28' lang='lat' dir='ltr'><strong>ad,</strong></span> <span class='ocrx_word' id='word_1_278' title='bbox 2023 3726 2096 3807; x_wconf 86' lang='lat' dir='ltr'><strong>E,</strong></span> <span class='ocrx_word' id='word_1_279' title='bbox 2146 3726 2274 3790; x_wconf 85' lang='lat'><strong>774</strong></span> <span class='ocrx_word' id='word_1_280' title='bbox 2321 3729 2389 3796; x_wconf 74' lang='lat' dir='ltr'><strong>et</strong></span> <span class='ocrx_word' id='word_1_281' title='bbox 2436 3724 2519 3796; x_wconf 80' lang='lat' dir='ltr'><strong>ab</strong></span> <span class='ocrx_word' id='word_1_282' title='bbox 2561 3724 2911 3791; x_wconf 73' lang='lat' dir='ltr'><strong>Eustathio</strong></span> 
     </span>
     <span class='ocr_line' id='line_1_32' title="bbox 568 3833 2912 3921; baseline -0.002 -19"><span class='ocrx_word' id='word_1_283' title='bbox 568 3836 652 3903; x_wconf 78' lang='lat' dir='ltr'><strong>ad</strong></span> <span class='ocrx_word' id='word_1_284' title='bbox 708 3836 978 3901; x_wconf 82' lang='lat' dir='ltr'><strong>eundem</strong></span> <span class='ocrx_word' id='word_1_285' title='bbox 1035 3836 1246 3901; x_wconf 82' lang='lat' dir='ltr'>locum</span> <span class='ocrx_word' id='word_1_286' title='bbox 1303 3834 1498 3901; x_wconf 76' lang='lat' dir='ltr'><strong>etiam</strong></span> <span class='ocrx_word' id='word_1_287' title='bbox 1543 3835 1952 3921; x_wconf 76' lang='grc' dir='ltr'><strong>προεπὶζευξις</strong></span> <span class='ocrx_word' id='word_1_288' title='bbox 1998 3833 2405 3910; x_wconf 63' lang='lat' dir='ltr'><strong>nominatum</strong></span> <span class='ocrx_word' id='word_1_289' title='bbox 2454 3833 2675 3917; x_wconf 72' lang='lat' dir='ltr'>itaque</span> <span class='ocrx_word' id='word_1_290' title='bbox 2721 3853 2912 3916; x_wconf 80' lang='lat' dir='ltr'><strong>prae-</strong></span> 
     </span>
     <span class='ocr_line' id='line_1_33' title="bbox 567 3938 2911 4030; baseline -0.003 -19"><span class='ocrx_word' id='word_1_291' title='bbox 567 3943 934 4011; x_wconf 73' lang='lat' dir='ltr'><strong>tel-mittere</strong></span> <span class='ocrx_word' id='word_1_292' title='bbox 1001 3964 1135 4008; x_wconf 85' lang='lat' dir='ltr'><strong>non</strong></span> <span class='ocrx_word' id='word_1_293' title='bbox 1188 3963 1553 4030; x_wconf 72' lang='lat' dir='ltr'><strong>possumne,</strong></span> <span class='ocrx_word' id='word_1_294' title='bbox 1619 3941 1772 4027; x_wconf 86' lang='lat' dir='ltr'><strong>quid</strong></span> <span class='ocrx_word' id='word_1_295' title='bbox 1832 3940 1909 4006; x_wconf 83' lang='lat' dir='ltr'><strong>de</strong></span> <span class='ocrx_word' id='word_1_296' title='bbox 1965 3938 2088 4006; x_wconf 77' lang='lat' dir='ltr'><strong>hac</strong></span> <span class='ocrx_word' id='word_1_297' title='bbox 2142 3939 2357 4025; x_wconf 75' lang='lat' dir='ltr'><strong>figura</strong></span> <span class='ocrx_word' id='word_1_298' title='bbox 2422 3943 2669 4005; x_wconf 77' lang='lat' dir='ltr'><strong>veteres</strong></span> <span class='ocrx_word' id='word_1_299' title='bbox 2728 3938 2911 4005; x_wconf 80' lang='lat' dir='ltr'>nobis</span> 
     </span>
     <span class='ocr_line' id='line_1_34' title="bbox 568 4046 2731 4128; baseline -0.003 -11"><span class='ocrx_word' id='word_1_300' title='bbox 568 4049 978 4117; x_wconf 72' lang='lat' dir='ltr'><strong>tradiderint.</strong></span> <span class='ocrx_word' id='word_1_301' title='bbox 1071 4049 1354 4128; x_wconf 87' lang='lat' dir='ltr'>Quorum</span> <span class='ocrx_word' id='word_1_302' title='bbox 1398 4048 1774 4115; x_wconf 77' lang='lat' dir='ltr'><strong>testimonia</strong></span> <span class='ocrx_word' id='word_1_303' title='bbox 1817 4047 1975 4115; x_wconf 78' lang='lat' dir='ltr'><strong>haec</strong></span> <span class='ocrx_word' id='word_1_304' title='bbox 2018 4046 2204 4115; x_wconf 81' lang='lat' dir='ltr'>nobis</span> <span class='ocrx_word' id='word_1_305' title='bbox 2249 4049 2403 4116; x_wconf 73' lang='lat' dir='ltr'><strong>suut</strong></span> <span class='ocrx_word' id='word_1_306' title='bbox 2446 4048 2731 4114; x_wconf 72' lang='lat' dir='ltr'><strong>servata:</strong></span> 
     </span>
    </p>
   </div>
   <div class='ocr_carea' id='block_1_11' title="bbox 567 4192 2910 4513">
    <p class='ocr_par' dir='ltr' id='par_1_11' title="bbox 567 4192 2910 4513">
     <span class='ocr_line' id='line_1_35' title="bbox 750 4192 2909 4297; baseline -0.002 -22"><span class='ocrx_word' id='word_1_307' title='bbox 750 4211 808 4276; x_wconf 90' lang='lat'><strong>1.</strong></span> <span class='ocrx_word' id='word_1_308' title='bbox 858 4192 1556 4289; x_wconf 25' lang='lat' dir='ltr'><strong>Phoe&#39;bammoniffi</strong></span> <span class='ocrx_word' id='word_1_309' title='bbox 1609 4213 1746 4296; x_wconf 89' lang='grc' dir='ltr'><strong>περὶ</strong></span> <span class='ocrx_word' id='word_1_310' title='bbox 1795 4213 2155 4297; x_wconf 86' lang='grc' dir='ltr'><strong>σχημάτων,</strong></span> <span class='ocrx_word' id='word_1_311' title='bbox 2196 4206 2408 4286; x_wconf 66' lang='lat' dir='ltr'><strong>Walz,</strong></span> <span class='ocrx_word' id='word_1_312' title='bbox 2454 4205 2554 4281; x_wconf 75' lang='lat' dir='ltr'><strong>rh.</strong></span> <span class='ocrx_word' id='word_1_313' title='bbox 2602 4228 2701 4291; x_wconf 88' lang='lat' dir='ltr'><strong>gr.</strong></span> <span class='ocrx_word' id='word_1_314' title='bbox 2735 4204 2909 4285; x_wconf 83' lang='lat' dir='ltr'>VIII,</span> 
     </span>
     <span class='ocr_line' id='line_1_36' title="bbox 567 4313 2910 4415; baseline -0.004 -29"><span class='ocrx_word' id='word_1_315' title='bbox 567 4340 630 4403; x_wconf 88' lang='grc' dir='ltr'><strong>Ρ.</strong></span> <span class='ocrx_word' id='word_1_316' title='bbox 655 4317 808 4397; x_wconf 83' lang='lat'>502,</span> <span class='ocrx_word' id='word_1_317' title='bbox 837 4318 940 4385; x_wconf 90' lang='grc'><strong>16.</strong></span> <span class='ocrx_word' id='word_1_318' title='bbox 983 4316 1410 4404; x_wconf 76' lang='grc' dir='ltr'><strong>Προεπίζευξις</strong></span> <span class='ocrx_word' id='word_1_319' title='bbox 1456 4316 1864 4415; x_wconf 60' lang='grc' dir='ltr'><strong>δεδιαστολή</strong></span> <span class='ocrx_word' id='word_1_320' title='bbox 1912 4316 2020 4382; x_wconf 76' lang='grc' dir='ltr'><strong>δυο</strong></span> <span class='ocrx_word' id='word_1_321' title='bbox 2064 4320 2402 4402; x_wconf 83' lang='grc' dir='ltr'><strong>προσώπων</strong></span> <span class='ocrx_word' id='word_1_322' title='bbox 2460 4313 2523 4391; x_wconf 75' lang='grc' dir='ltr'><strong>ἐν</strong></span> <span class='ocrx_word' id='word_1_323' title='bbox 2578 4315 2910 4401; x_wconf 81' lang='grc' dir='ltr'><strong>παραβολῇ</strong></span> 
     </span>
     <span class='ocr_line' id='line_1_37' title="bbox 568 4417 2908 4513; baseline -0.002 -24"><span class='ocrx_word' id='word_1_324' title='bbox 568 4431 757 4513; x_wconf 79' lang='grc' dir='ltr'><strong>μέσου</strong></span> <span class='ocrx_word' id='word_1_325' title='bbox 805 4434 908 4491; x_wconf 77' lang='grc' dir='ltr'><strong>τοῦ</strong></span> <span class='ocrx_word' id='word_1_326' title='bbox 955 4428 1089 4510; x_wconf 82' lang='grc' dir='ltr'><strong>περὶ</strong></span> <span class='ocrx_word' id='word_1_327' title='bbox 1132 4421 1332 4489; x_wconf 72' lang='grc' dir='ltr'><strong>αὐτῶν</strong></span> <span class='ocrx_word' id='word_1_328' title='bbox 1372 4426 1556 4506; x_wconf 89' lang='grc' dir='ltr'><strong>λόγου</strong></span> <span class='ocrx_word' id='word_1_329' title='bbox 1588 4423 1809 4498; x_wconf 83' lang='grc' dir='ltr'><strong>δυϊκῶς</strong></span> <span class='ocrx_word' id='word_1_330' title='bbox 1839 4421 1879 4511; x_wconf 84' lang='grc' dir='ltr'>ἢ</span> <span class='ocrx_word' id='word_1_331' title='bbox 1906 4426 2339 4510; x_wconf 78' lang='grc' dir='ltr'><strong>πληθυντικῶς</strong></span> <span class='ocrx_word' id='word_1_332' title='bbox 2369 4417 2517 4510; x_wconf 73' lang='grc' dir='ltr'><strong>ὖπὲρ</strong></span> <span class='ocrx_word' id='word_1_333' title='bbox 2547 4420 2908 4510; x_wconf 75' lang='grc' dir='ltr'><strong>ἀμφοτέρων</strong></span> 
     </span>
    </p>
   </div>
   <div class='ocr_carea' id='block_1_12' title="bbox 3043 404 3050 413">
    <p class='ocr_par' dir='ltr' id='par_1_12' title="bbox 3043 114 3157 535">
     <span class='ocr_line' id='line_1_38' title="bbox 3043 404 3050 413; baseline 0 0"><span class='ocrx_word' id='word_1_334' title='bbox 3043 404 3050 413; x_wconf 77' lang='grc'><em>,</em></span> 
     </span>
    </p>
   </div>
  </div>
 </body>
</html>
