3226 5028
1609 227 1701 292 40

477 422 543 506 1)
589 423 687 490 ed.
736 421 982 490 Lorenz
1026 446 1178 510 pag.
1230 422 1378 503 232,
1427 425 1471 488 6
1515 422 1786 508 (Athen.
1837 422 1980 503 Vn,
2030 423 2162 487 286
2208 424 2298 506 b.)

578 576 587 583 ·
685 546 804 615 Ἦν
851 551 916 614 δὲ
962 556 1183 635 νάρκαι
1230 551 1397 633 [καὶ]
1442 550 1701 633 βατίδες,
1749 548 1823 638 ἦν
1870 550 1936 613 δὲ
1984 552 2276 630 ζὺγαιναι,
2323 554 2630 637 πρηστίες,

702 656 922 743 κάμίαι
968 681 1030 722 τε
1076 662 1197 723 καὶ·
1231 661 1422 741 βάτοι,
1472 654 1630 742 ῥίναι
1676 679 1739 720 τε
1785 657 2294 742 τραχοδερμόνες·

480 770 675 865 2)'L.
723 804 785 867 p.
835 782 984 861 234,
1035 778 1119 845 13
1165 780 1350 865 (Ath.
1398 779 1544 861 VH,
1593 779 1723 844 309
1771 779 1861 864 d.)

688 902 809 972 Ἦν
857 901 1169 981 δ’ὖαινίδες
1213 930 1276 971 τε
1322 908 1695 989 βοογὶ-ὠσσοι
1741 928 1805 970 τε
1850 909 1956 971 καὶ
2002 909 2266 991 κίθαρος
2313 904 2474 994 ἐνῆς.

477 1029 545 1114 3)
594 1030 667 1095 L.
715 1053 777 1115 p.
829 1027 979 1109 233,
1032 1030 1117 1094 10
1163 1013 1539 1121 (Ath.'V11‚
1589 1029 1720 1093 383
1765 1052 1821 1108 e,
1871 1028 1999 1093 288
2046 1029 2109 1110 b,
2157 1029 2287 1093 322
2335 1029 2408 1110 f.)

701 1154 930 1221 αἰολίαι
970 1140 1210 1235 ,πλῶτές
1255 1178 1318 1220 τε
1363 1155 1800 1237 κυνογλώσσοι’
1821 1179 1903 1232 τε,
1952 1154 2089 1243 ἐνῆν
2137 1157 2202 1220 δὲ
2249 1130 2583 1230 σκιαθίδες.

476 1279 549 1365 4)
596 1278 671 1346 L.
719 1304 782 1365 p.
831 1279 982 1361 234,
1034 1277 1118 1343 15
1164 1278 1349 1363 (Ath.
1396 1278 1542 1360 VH,
1590 1279 1743 1358 321,
1790 1278 1949 1363 b-c.)

688 1402 924 1479 ΤΗν,δὲ
970 1395 1237 1491 σάργινοι
1284 1405 1403 1487 [τε]
1449 1407 1814 1490 μελανοὺροι
1859 1428 1922 1469 τε
1968 1408 2075 1471 καὶ
2121 1409 2220 1470 ταὶ
2267 1410 2546 1494 φιντάται

701 1517 944 1587 ταινίαι,
992 1514 1207 1576 λεπταὶ
1252 1516 1381 1597 μὲν,
1429 1509 1629 1577 ἁδείαι
1675 1512 1758 1576 δὲ.

480 1636 549 1721 5)
596 1637 669 1702 L.
719 1658 781 1720 p.
831 1635 982 1714 240,
1034 1635 1115 1698 12
1165 1633 1508 1719 (Ath..1x‚
1559 1634 1687 1700 398
1736 1634 1778 1699 d
1824 1638 1891 1700 et
1936 1636 2019 1717 11,
2070 1634 2155 1701 65
2201 1636 2294 1721 b.)

689 1757 810 1826 Ἤν
870 1762 936 1825 δὲ
992 1758 1231 1845 ὲρωδιοί
1288 1782 1350 1824 τε
1396 1761 1616 1825 πολλοὶ
1673 1764 2388 1849 μακροκαμπυλαοχὲνες

702 1873 987 1954 τέτραγές
1032 1891 1094 1932 τε
1141 1869 1624 1954 σπερματολόγοι
1670 1866 1941 1950 κάγλααὶ
1988 1870 2372 1944 συκαλλίδες.

481 1992 552 2077 6)
597 1992 667 2059 L.
722 1991 870 2072 151,
922 1993 956 2057 1
1009 1991 1192 2077 (Ath.
1240 1990 1385 2069 vn,
1435 1990 1565 2054 277
1611 1990 1686 2072 f.)

704 2167 719 2182 .
768 2165 788 2185 .
834 2167 851 2181 .
901 2168 917 2183 .
968 2123 1197 2206 φάσσαι
1244 2140 1307 2182 τε
1352 2119 1684 2182 τοσσαὺται
1728 2126 1931 2203 παρῆν

700 2229 976 2311 σκορπίοι
1020 2247 1106 2317 τε.

480 2351 548 2434 7)
595 2347 667 2425 L.
715 2374 780 2436 p.
831 2349 980 2428 267,
1029 2348 1118 2413 40
1164 2347 1382 2433 (Diog.
1429 2348 1645 2414 Laert.
1693 2348 1811 2428 ΙΙΙ,
1865 2349 1969 2427 12,
2020 2349 2111 2433 9.)

651 2530 656 2537 .
703 2454 885 2522 Ἀλλ’
933 2454 1027 2521 ἀεὶ
1073 2460 1164 2521 τοὶ
1209 2458 1347 2521 θεοὶ
1393 2459 1596 2545 παρῆν
1643 2480 1705 2522 τε
1751 2452 2086 2544 χὸπὲλιπον
2134 2453 2205 2523 οὔ
2251 2462 2530 2534 πώποκα,

482 2565 591 2629 ubi
639 2563 916 2644 Ahrens,
965 2562 1043 2628 de
1089 2562 1241 2628 dial.
1289 2563 1443 2630 Dor.
1493 2586 1555 2647 p.
1605 2564 1757 2640 327,
1806 2567 1976 2629 recte
2022 2575 2223 2652 παρῆν
2269 2588 2332 2629 τε
2379 2587 2497 2648 pro
2541 2576 2828 2652 παρῆσαν

484 2671 814 2752 restituit..
902 2669 1078 2744 Idem
1136 2669 1617 2748 animadvertit,
1680 2692 1869 2754 quam
1927 2674 2224 2738 accurate
2280 2671 2705 2756 Epicharmus
2751 2671 2827 2760 ἧς

482 2782 549 2850 et
607 2777 681 2867 ἦν
738 2776 1124 2862 distinguat,
1186 2775 1345 2842 illud
1401 2799 1544 2842 cum
1601 2777 2057 2862 singularibus,
2115 2777 2237 2844 hoc
2281 2801 2425 2845 cum
2471 2779 2827 2862 pluralibus

483 2886 789 2969 iungens3
850 2884 930 2960 cf.
988 2883 1117 2970 frg.
1156 2884 1228 2948 ,2.
1331 2883 1506 2961 Quae
1553 2907 1655 2951 res
1702 2889 1769 2950 et
1817 2885 1956 2969 ipsa
2002 2885 2185 2953 nobis
2232 2885 2612 2953 documento
2658 2888 2828 2952 esset

483 2991 614 3058 sch.
665 2989 735 3055 P.
785 2989 955 3074 apud
998 2990 1454 3076 Epicharmum
1497 3012 1631 3056 non
1660 3013 1841 3078 posse
1872 2993 2095 3073 statui,
2124 2993 2251 3058 nisi
2280 2993 2476 3058 etiam
2507 2993 2829 3058 invenire-

484 3120 625 3162 mus
671 3119 931 3164 causam
975 3096 1319 3162 schematis
1377 3097 1502 3161 illis
1558 3097 1944 3184 fragmentis
1991 3098 2225 3165 deesse.
2320 3100 2643 3177 Quattuor
2688 3099 2829 3183 qui·

491 3204 635 3284 dem
681 3204 839 3270 locis
886 3202 959 3291 ἧν
1004 3202 1328 3269 antecedit
1374 3205 1639 3284 nomini,
1688 3209 1763 3270 ut
1807 3206 2207 3272 liberrimum
2253 3205 2548 3272 videatur
2574 3205 2829 3271 schema

487 3310 797 3377 adhiberi.
889 3309 1013 3376 Sed
1057 3310 1126 3375 in
1170 3311 1297 3394 frg.
1347 3309 1388 3374 6
1433 3323 1637 3399 παρῆν
1683 3312 1930 3378 nomini
1972 3312 2209 3398 plurali
2236 3313 2664 3397 postpositum
2695 3333 2829 3377 esse

485 3419 760 3496 constat,
821 3415 988 3500 quod
1048 3416 1216 3482 idem
1274 3416 1343 3482 in
1398 3418 1526 3503 frg.
1591 3420 1626 3484 7
1675 3442 1792 3504 pro
1850 3424 2026 3485 certo
2070 3419 2296 3485 haberi
2341 3421 2583 3503 potest;
2633 3423 2829 3503 atque

487 3525 556 3591 in
586 3524 742 3609 'frg.
807 3526 846 3588 3
894 3522 1035 3611 ἐνῆν
1079 3523 1219 3590 sine
1265 3524 1458 3591 dubio
1505 3525 1705 3591 etiam
1753 3527 1832 3593 ad
1879 3526 2142 3592 nomina
2187 3524 2641 3611 praecedentia
2685 3546 2829 3609 per-

486 3632 677 3710 tinet,
737 3630 1030 3714 quamvis
1086 3631 1155 3695 in
1213 3631 1294 3696 iis
1341 3631 1436 3696 vis
1482 3632 1836 3717 singularis
1882 3656 2016 3699 non
2060 3632 2267 3717 possit
2311 3633 2532 3698 statui.
2626 3631 2831 3716 Atqui

488 3738 565 3803 si.
612 3736 712 3802 his
776 3736 930 3803 locis
994 3736 1126 3804 sch.
1190 3737 1255 3803 P.
1316 3739 1686 3825 negandum
1744 3742 1862 3820 est,
1920 3762 2032 3805 cur
2088 3739 2214 3804 illis
2271 3743 2651 3817 statuamus,
2698 3759 2829 3803 non

486 3848 604 3911 est.
636 3881 725 3893 —
752 3843 1019 3910 Praeter
1059 3844 1518 3929 Epicharmum
1565 3850 1634 3913 et
1668 3846 2020 3913 Hesiodum
2049 3846 2549 3932 Aristophanem
2581 3867 2829 3930 quoque

487 3953 683 4018 semel
767 3950 935 4017 idem
1020 3950 1096 4040 ἦν
1169 3953 1532 4020 adhibuisse
1605 3957 1857 4021 constat
1930 3954 2168 4038 Lysist.
2248 3953 2422 4017 1260
2495 3953 2566 4017 in
2636 3951 2829 4018 choro

486 4056 843 4125 Laconum:
1869 4044 1878 4053 ’

578 4164 657 4253 ἠν.
698 4169 813 4253 γὰρ
859 4165 1135 4251 τ’ὤνδρες
1182 4162 1295 4233 οὒκ
1341 4166 1623 4243 ἐλάσσως
1668 4172 1778 4242 τὰς
1828 4172 2103 4255 ψάμμας.

487 4270 733 4338 Potest¹
762 4271 869 4337 hic
891 4274 1068 4338 locus
1116 4272 1197 4338 ad
1242 4273 1313 4340 P.
1344 4274 1573 4340 referri
1620 4278 1687 4339 et
1732 4297 1875 4340 cum
1903 4274 2015 4340 illo
2044 4274 2425 4360 comparari,
2453 4272 2625 4358 quod
2653 4295 2713 4356 p.
2749 4271 2830 4337 19

490 4381 1012 4459 commemoravi,
1101 4379 1297 4447 Arist.
1365 4403 1537 4466 vesp.
1604 4379 1713 4447 58.
1835 4381 2016 4459 Quod
2094 4384 2310 4460 autem
2372 4379 2480 4446 hic
2542 4381 2831 4446 consulto
