<?xml version="1.0" encoding="UTF-8"?>
<!DOCTYPE html PUBLIC "-//W3C//DTD XHTML 1.0 Transitional//EN"
    "http://www.w3.org/TR/xhtml1/DTD/xhtml1-transitional.dtd">
<html xmlns="http://www.w3.org/1999/xhtml" xml:lang="en" lang="en">
 <head>
  <title>
</title>
<meta http-equiv="Content-Type" content="text/html;charset=utf-8" />
  <meta name='ocr-system' content='tesseract 3.04.00' />
  <meta name='ocr-capabilities' content='ocr_page ocr_carea ocr_par ocr_line ocrx_word'/>
</head>
<body>
  <div class='ocr_page' id='page_1' title='image "./deschematepinda00wilpgoog_0051.png"; bbox 0 0 3226 5028; ppageno 0'>
   <div class='ocr_carea' id='block_1_1' title="bbox 1493 274 1589 339">
    <p class='ocr_par' dir='ltr' id='par_1_1' title="bbox 1493 274 1589 339">
     <span class='ocr_line' id='line_1_1' title="bbox 1493 274 1589 339; baseline 0 0"><span class='ocrx_word' id='word_1_1' title='bbox 1493 274 1589 339; x_wconf 29' lang='lat'>*43</span> 
     </span>
    </p>
   </div>
   <div class='ocr_carea' id='block_1_2' title="bbox 1323 367 1752 377">
    <p class='ocr_par' dir='ltr' id='par_1_2' title="bbox 1323 367 1752 377">
     <span class='ocr_line' id='line_1_2' title="bbox 1323 367 1752 377; baseline 0 0"><span class='ocrx_word' id='word_1_2' title='bbox 1323 367 1752 377; x_wconf 95' lang='lat' dir='ltr'> </span> 
     </span>
    </p>
   </div>
   <div class='ocr_carea' id='block_1_3' title="bbox 441 468 2126 881">
    <p class='ocr_par' dir='ltr' id='par_1_3' title="bbox 441 468 2094 667">
     <span class='ocr_line' id='line_1_3' title="bbox 441 468 2091 559; baseline 0.002 -24"><span class='ocrx_word' id='word_1_3' title='bbox 441 468 561 538; x_wconf 89' lang='grc' dir='ltr'>Ἦν</span> <span class='ocrx_word' id='word_1_4' title='bbox 609 471 735 557; x_wconf 81' lang='grc' dir='ltr'>ἄρα</span> <span class='ocrx_word' id='word_1_5' title='bbox 780 471 1046 539; x_wconf 82' lang='grc' dir='ltr'>κάκεῖνοι</span> <span class='ocrx_word' id='word_1_6' title='bbox 1094 473 1517 559; x_wconf 81' lang='grc' dir='ltr'><strong>ταλακάρδιοι,</strong></span> <span class='ocrx_word' id='word_1_7' title='bbox 1566 471 1631 537; x_wconf 79' lang='grc' dir='ltr'>οἵ</span> <span class='ocrx_word' id='word_1_8' title='bbox 1669 495 1814 538; x_wconf 91' lang='grc' dir='ltr'>ποτε</span> <span class='ocrx_word' id='word_1_9' title='bbox 1860 468 2091 559; x_wconf 85' lang='grc' dir='ltr'>Μήδων</span> 
     </span>
     <span class='ocr_line' id='line_1_4' title="bbox 683 575 2094 667; baseline -0.001 -23"><span class='ocrx_word' id='word_1_10' title='bbox 683 583 887 645; x_wconf 91' lang='grc' dir='ltr'>παισὶν</span> <span class='ocrx_word' id='word_1_11' title='bbox 945 578 1021 644; x_wconf 81' lang='grc' dir='ltr'>ἐπ</span> <span class='ocrx_word' id='word_1_12' title='bbox 1068 577 1281 657; x_wconf 87' lang='grc' dir='ltr'><strong>Ἠιόνι,</strong></span> <span class='ocrx_word' id='word_1_13' title='bbox 1332 578 1675 665; x_wconf 80' lang='grc' dir='ltr'><strong>Στρυμόνος</strong></span> <span class='ocrx_word' id='word_1_14' title='bbox 1723 577 1880 667; x_wconf 81' lang='grc' dir='ltr'>ἀμφὶ</span> <span class='ocrx_word' id='word_1_15' title='bbox 1924 575 2094 663; x_wconf 81' lang='grc' dir='ltr'>ῥοάς,</span> 
     </span>
    </p>

    <p class='ocr_par' dir='ltr' id='par_1_4' title="bbox 453 683 2126 881">
     <span class='ocr_line' id='line_1_5' title="bbox 453 683 2126 775; baseline 0.001 -25"><span class='ocrx_word' id='word_1_16' title='bbox 453 688 632 770; x_wconf 85' lang='grc' dir='ltr'>λιμὸν</span> <span class='ocrx_word' id='word_1_17' title='bbox 688 688 739 750; x_wconf 85' lang='grc' dir='ltr'>τ’</span> <span class='ocrx_word' id='word_1_18' title='bbox 801 685 1046 751; x_wconf 80' lang='grc' dir='ltr'>αἴθωνα</span> <span class='ocrx_word' id='word_1_19' title='bbox 1114 692 1368 771; x_wconf 87' lang='grc' dir='ltr'>κρυερόν</span> <span class='ocrx_word' id='word_1_20' title='bbox 1439 689 1490 751; x_wconf 89' lang='grc' dir='ltr'>τ’</span> <span class='ocrx_word' id='word_1_21' title='bbox 1540 684 1861 768; x_wconf 78' lang='grc' dir='ltr'>ἐπάγοντες</span> <span class='ocrx_word' id='word_1_22' title='bbox 1903 683 2126 775; x_wconf 79' lang='grc' dir='ltr'>Ἀρηα</span> 
     </span>
     <span class='ocr_line' id='line_1_6' title="bbox 683 789 2019 881; baseline -0.001 -23"><span class='ocrx_word' id='word_1_23' title='bbox 683 804 911 878; x_wconf 84' lang='grc' dir='ltr'>πρῶτοι</span> <span class='ocrx_word' id='word_1_24' title='bbox 968 792 1308 879; x_wconf 76' lang='grc' dir='ltr'>δυσμενέων</span> <span class='ocrx_word' id='word_1_25' title='bbox 1354 789 1528 879; x_wconf 82' lang='grc' dir='ltr'>εὖρον</span> <span class='ocrx_word' id='word_1_26' title='bbox 1576 792 1966 881; x_wconf 62' lang='grc' dir='ltr'>ἀμηχανίαν.4</span> <span class='ocrx_word' id='word_1_27' title='bbox 2015 842 2019 847; x_wconf 74' lang='lat'>.</span> 
     </span>
    </p>
   </div>
   <div class='ocr_carea' id='block_1_4' title="bbox 361 931 2722 2710">
    <p class='ocr_par' dir='ltr' id='par_1_5' title="bbox 361 931 2722 2710">
     <span class='ocr_line' id='line_1_7' title="bbox 366 931 2715 1024; baseline 0.001 -26"><span class='ocrx_word' id='word_1_28' title='bbox 366 935 570 1011; x_wconf 80' lang='lat' dir='ltr'>Quem</span> <span class='ocrx_word' id='word_1_29' title='bbox 628 932 708 998; x_wconf 87' lang='lat' dir='ltr'>ad</span> <span class='ocrx_word' id='word_1_30' title='bbox 765 934 972 998; x_wconf 91' lang='lat' dir='ltr'>locum</span> <span class='ocrx_word' id='word_1_31' title='bbox 1034 931 1266 998; x_wconf 88' lang='lat' dir='ltr'>Coraes</span> <span class='ocrx_word' id='word_1_32' title='bbox 1325 938 1490 1000; x_wconf 85' lang='grc' dir='ltr'>κατὰ</span> <span class='ocrx_word' id='word_1_33' title='bbox 1546 932 1831 1021; x_wconf 77' lang='grc' dir='ltr'>Δωριέων</span> <span class='ocrx_word' id='word_1_34' title='bbox 1891 936 2208 1001; x_wconf 87' lang='grc' dir='ltr'>διάλεκτον</span> <span class='ocrx_word' id='word_1_35' title='bbox 2265 933 2339 1024; x_wconf 81' lang='grc' dir='ltr'>ἦν</span> <span class='ocrx_word' id='word_1_36' title='bbox 2396 957 2511 1021; x_wconf 89' lang='lat' dir='ltr'>pro</span> <span class='ocrx_word' id='word_1_37' title='bbox 2557 935 2715 1023; x_wconf 77' lang='grc' dir='ltr'>ἦσαν</span> 
     </span>
     <span class='ocr_line' id='line_1_8' title="bbox 366 1039 2718 1126; baseline -0 -19"><span class='ocrx_word' id='word_1_38' title='bbox 366 1041 645 1126; x_wconf 84' lang='lat' dir='ltr'>positum</span> <span class='ocrx_word' id='word_1_39' title='bbox 710 1062 845 1106; x_wconf 88' lang='lat' dir='ltr'>esse</span> <span class='ocrx_word' id='word_1_40' title='bbox 910 1040 1087 1106; x_wconf 87' lang='lat' dir='ltr'>dicit.</span> <span class='ocrx_word' id='word_1_41' title='bbox 1105 1039 1186 1124; x_wconf 74' lang='grc'>26)</span> <span class='ocrx_word' id='word_1_42' title='bbox 1297 1039 1474 1105; x_wconf 84' lang='lat' dir='ltr'><strong>Idem</strong></span> <span class='ocrx_word' id='word_1_43' title='bbox 1538 1043 1776 1125; x_wconf 88' lang='lat' dir='ltr'>putant</span> <span class='ocrx_word' id='word_1_44' title='bbox 1838 1041 2167 1107; x_wconf 84' lang='lat' dir='ltr'>Nauckius</span> <span class='ocrx_word' id='word_1_45' title='bbox 2235 1045 2303 1107; x_wconf 91' lang='lat' dir='ltr'>et</span> <span class='ocrx_word' id='word_1_46' title='bbox 2368 1041 2718 1108; x_wconf 85' lang='lat' dir='ltr'>Schneide-</span> 
     </span>
     <span class='ocr_line' id='line_1_9' title="bbox 364 1145 2719 1233; baseline 0 -20"><span class='ocrx_word' id='word_1_47' title='bbox 364 1148 572 1213; x_wconf 89' lang='lat' dir='ltr'>winus</span> <span class='ocrx_word' id='word_1_48' title='bbox 631 1148 712 1212; x_wconf 85' lang='lat' dir='ltr'>ad</span> <span class='ocrx_word' id='word_1_49' title='bbox 767 1146 963 1230; x_wconf 90' lang='lat' dir='ltr'>Soph.</span> <span class='ocrx_word' id='word_1_50' title='bbox 1024 1147 1255 1213; x_wconf 86' lang='lat' dir='ltr'>Trach.</span> <span class='ocrx_word' id='word_1_51' title='bbox 1314 1145 1466 1212; x_wconf 85' lang='lat'>520.</span> <span class='ocrx_word' id='word_1_52' title='bbox 1568 1147 1664 1212; x_wconf 90' lang='lat' dir='ltr'>At</span> <span class='ocrx_word' id='word_1_53' title='bbox 1721 1148 1887 1215; x_wconf 89' lang='lat' dir='ltr'>nihil</span> <span class='ocrx_word' id='word_1_54' title='bbox 1942 1150 2080 1214; x_wconf 94' lang='lat' dir='ltr'>loco</span> <span class='ocrx_word' id='word_1_55' title='bbox 2141 1148 2489 1229; x_wconf 85' lang='lat' dir='ltr'>invenitur,</span> <span class='ocrx_word' id='word_1_56' title='bbox 2546 1147 2719 1233; x_wconf 88' lang='lat' dir='ltr'>quod</span> 
     </span>
     <span class='ocr_line' id='line_1_10' title="bbox 364 1253 2718 1339; baseline -0 -19"><span class='ocrx_word' id='word_1_57' title='bbox 364 1256 568 1321; x_wconf 89' lang='lat' dir='ltr'>ullum</span> <span class='ocrx_word' id='word_1_58' title='bbox 635 1254 978 1339; x_wconf 85' lang='lat' dir='ltr'>vestigium</span> <span class='ocrx_word' id='word_1_59' title='bbox 1043 1254 1300 1321; x_wconf 77' lang='lat' dir='ltr'>dialecti</span> <span class='ocrx_word' id='word_1_60' title='bbox 1374 1254 1650 1321; x_wconf 81' lang='lat' dir='ltr'>Doricae</span> <span class='ocrx_word' id='word_1_61' title='bbox 1715 1255 1962 1321; x_wconf 92' lang='lat' dir='ltr'>indicit.</span> <span class='ocrx_word' id='word_1_62' title='bbox 2071 1253 2192 1322; x_wconf 87' lang='lat' dir='ltr'>Sed</span> <span class='ocrx_word' id='word_1_63' title='bbox 2265 1254 2441 1321; x_wconf 89' lang='lat' dir='ltr'>hunc</span> <span class='ocrx_word' id='word_1_64' title='bbox 2510 1256 2718 1321; x_wconf 92' lang='lat' dir='ltr'>locum</span> 
     </span>
     <span class='ocr_line' id='line_1_11' title="bbox 364 1360 2719 1448; baseline -0.002 -20"><span class='ocrx_word' id='word_1_65' title='bbox 364 1363 656 1428; x_wconf 90' lang='lat' dir='ltr'>Ionicum</span> <span class='ocrx_word' id='word_1_66' title='bbox 730 1383 865 1427; x_wconf 88' lang='lat' dir='ltr'>esse</span> <span class='ocrx_word' id='word_1_67' title='bbox 942 1360 1127 1427; x_wconf 87' lang='lat' dir='ltr'>docet</span> <span class='ocrx_word' id='word_1_68' title='bbox 1201 1360 1560 1440; x_wconf 89' lang='lat' dir='ltr'>Kirchhoff,</span> <span class='ocrx_word' id='word_1_69' title='bbox 1640 1361 1859 1427; x_wconf 86' lang='lat' dir='ltr'><strong>Herm.</strong></span> <span class='ocrx_word' id='word_1_70' title='bbox 1936 1360 2015 1427; x_wconf 88' lang='lat' dir='ltr'>V.</span> <span class='ocrx_word' id='word_1_71' title='bbox 2082 1384 2230 1448; x_wconf 83' lang='lat' dir='ltr'>pag.</span> <span class='ocrx_word' id='word_1_72' title='bbox 2298 1360 2526 1446; x_wconf 86' lang='lat' dir='ltr'>48sqq.</span> <span class='ocrx_word' id='word_1_73' title='bbox 2638 1360 2719 1424; x_wconf 89' lang='lat' dir='ltr'>In</span> 
     </span>
     <span class='ocr_line' id='line_1_12' title="bbox 367 1466 2720 1546; baseline -0 -13"><span class='ocrx_word' id='word_1_74' title='bbox 367 1468 639 1535; x_wconf 90' lang='lat' dir='ltr'>dialecto</span> <span class='ocrx_word' id='word_1_75' title='bbox 716 1472 934 1533; x_wconf 85' lang='lat' dir='ltr'>autem</span> <span class='ocrx_word' id='word_1_76' title='bbox 1008 1467 1230 1533; x_wconf 90' lang='lat' dir='ltr'>Ionica</span> <span class='ocrx_word' id='word_1_77' title='bbox 1304 1470 1549 1534; x_wconf 87' lang='lat' dir='ltr'>formae</span> <span class='ocrx_word' id='word_1_78' title='bbox 1626 1470 1773 1534; x_wconf 89' lang='lat' dir='ltr'>illae</span> <span class='ocrx_word' id='word_1_79' title='bbox 1838 1468 2065 1534; x_wconf 91' lang='lat' dir='ltr'>aoristi</span> <span class='ocrx_word' id='word_1_80' title='bbox 2139 1467 2462 1534; x_wconf 85' lang='lat' dir='ltr'>breviores</span> <span class='ocrx_word' id='word_1_81' title='bbox 2543 1466 2720 1546; x_wconf 88' lang='lat' dir='ltr'>haud</span> 
     </span>
     <span class='ocr_line' id='line_1_13' title="bbox 368 1574 2718 1663; baseline -0 -23"><span class='ocrx_word' id='word_1_82' title='bbox 368 1576 720 1642; x_wconf 67' lang='lat' dir='ltr'>inusitatae</span> <span class='ocrx_word' id='word_1_83' title='bbox 806 1579 962 1641; x_wconf 87' lang='lat' dir='ltr'>sunt</span> <span class='ocrx_word' id='word_1_84' title='bbox 978 1624 993 1654; x_wconf 92' lang='lat'>,</span> <span class='ocrx_word' id='word_1_85' title='bbox 1081 1577 1299 1659; x_wconf 91' lang='lat' dir='ltr'>itaque</span> <span class='ocrx_word' id='word_1_86' title='bbox 1385 1578 1581 1642; x_wconf 91' lang='lat' dir='ltr'>etiam</span> <span class='ocrx_word' id='word_1_87' title='bbox 1677 1575 1786 1641; x_wconf 91' lang='lat' dir='ltr'>hic</span> <span class='ocrx_word' id='word_1_88' title='bbox 1876 1574 1949 1663; x_wconf 85' lang='grc' dir='ltr'>ἧν</span> <span class='ocrx_word' id='word_1_89' title='bbox 2046 1576 2360 1660; x_wconf 85' lang='lat' dir='ltr'>pluralem</span> <span class='ocrx_word' id='word_1_90' title='bbox 2443 1575 2718 1640; x_wconf 88' lang='lat' dir='ltr'>formam</span> 
     </span>
     <span class='ocr_line' id='line_1_14' title="bbox 372 1680 2719 1769; baseline -0.001 -21"><span class='ocrx_word' id='word_1_91' title='bbox 372 1704 509 1748; x_wconf 90' lang='lat' dir='ltr'>esse</span> <span class='ocrx_word' id='word_1_92' title='bbox 572 1686 800 1769; x_wconf 89' lang='lat' dir='ltr'>putare</span> <span class='ocrx_word' id='word_1_93' title='bbox 858 1703 1211 1767; x_wconf 72' lang='lat' dir='ltr'>possumne,</span> <span class='ocrx_word' id='word_1_94' title='bbox 1277 1682 1381 1747; x_wconf 89' lang='lat' dir='ltr'>cui</span> <span class='ocrx_word' id='word_1_95' title='bbox 1442 1683 1537 1747; x_wconf 93' lang='lat' dir='ltr'>rei</span> <span class='ocrx_word' id='word_1_96' title='bbox 1598 1681 1767 1747; x_wconf 87' lang='lat' dir='ltr'>nihil</span> <span class='ocrx_word' id='word_1_97' title='bbox 1823 1683 1958 1749; x_wconf 87' lang='lat' dir='ltr'>fere</span> <span class='ocrx_word' id='word_1_98' title='bbox 2015 1682 2269 1749; x_wconf 89' lang='lat' dir='ltr'>obstare</span> <span class='ocrx_word' id='word_1_99' title='bbox 2326 1680 2487 1747; x_wconf 91' lang='lat' dir='ltr'>mihi</span> <span class='ocrx_word' id='word_1_100' title='bbox 2543 1680 2719 1746; x_wconf 85' lang='lat' dir='ltr'>vide-</span> 
     </span>
     <span class='ocr_line' id='line_1_15' title="bbox 366 1787 2718 1876; baseline -0.001 -22"><span class='ocrx_word' id='word_1_101' title='bbox 366 1792 494 1854; x_wconf 87' lang='lat' dir='ltr'>tur.</span> <span class='ocrx_word' id='word_1_102' title='bbox 607 1789 699 1854; x_wconf 91' lang='lat' dir='ltr'>Ut</span> <span class='ocrx_word' id='word_1_103' title='bbox 767 1789 898 1854; x_wconf 91' lang='lat' dir='ltr'>sch.</span> <span class='ocrx_word' id='word_1_104' title='bbox 970 1787 1043 1853; x_wconf 93' lang='lat' dir='ltr'>P.</span> <span class='ocrx_word' id='word_1_105' title='bbox 1108 1790 1466 1853; x_wconf 86' lang='lat' dir='ltr'>statuamus</span> <span class='ocrx_word' id='word_1_106' title='bbox 1483 1838 1498 1867; x_wconf 93' lang='lat'>,</span> <span class='ocrx_word' id='word_1_107' title='bbox 1565 1789 1676 1853; x_wconf 83' lang='lat' dir='ltr'>vix</span> <span class='ocrx_word' id='word_1_108' title='bbox 1739 1810 2209 1856; x_wconf 80' lang='lat' dir='ltr'>commovemur</span> <span class='ocrx_word' id='word_1_109' title='bbox 2224 1838 2239 1868; x_wconf 96' lang='lat'>,</span> <span class='ocrx_word' id='word_1_110' title='bbox 2305 1787 2476 1876; x_wconf 86' lang='lat' dir='ltr'>quod</span> <span class='ocrx_word' id='word_1_111' title='bbox 2539 1790 2718 1854; x_wconf 88' lang='lat' dir='ltr'>notio</span> 
     </span>
     <span class='ocr_line' id='line_1_16' title="bbox 371 1894 2717 1982; baseline 0 -23"><span class='ocrx_word' id='word_1_112' title='bbox 371 1895 717 1982; x_wconf 85' lang='lat' dir='ltr'>singularis</span> <span class='ocrx_word' id='word_1_113' title='bbox 783 1895 854 1959; x_wconf 91' lang='lat' dir='ltr'>in</span> <span class='ocrx_word' id='word_1_114' title='bbox 910 1895 1198 1960; x_wconf 90' lang='lat' dir='ltr'>subiecto</span> <span class='ocrx_word' id='word_1_115' title='bbox 1254 1918 1387 1960; x_wconf 92' lang='lat' dir='ltr'>non</span> <span class='ocrx_word' id='word_1_116' title='bbox 1443 1896 1616 1961; x_wconf 88' lang='lat' dir='ltr'>inest</span> <span class='ocrx_word' id='word_1_117' title='bbox 1672 1898 1759 1975; x_wconf 90' lang='lat' dir='ltr'>et,</span> <span class='ocrx_word' id='word_1_118' title='bbox 1821 1900 1895 1960; x_wconf 90' lang='lat' dir='ltr'>ut</span> <span class='ocrx_word' id='word_1_119' title='bbox 1953 1897 2128 1962; x_wconf 85' lang='lat' dir='ltr'>locus</span> <span class='ocrx_word' id='word_1_120' title='bbox 2187 1897 2587 1980; x_wconf 80' lang='lat' dir='ltr'>explanetur,</span> <span class='ocrx_word' id='word_1_121' title='bbox 2636 1894 2717 1974; x_wconf 89' lang='lat' dir='ltr'>ad</span> 
     </span>
     <span class='ocr_line' id='line_1_17' title="bbox 369 2000 2716 2088; baseline 0.002 -23"><span class='ocrx_word' id='word_1_122' title='bbox 369 2001 765 2068; x_wconf 88' lang='lat' dir='ltr'>liberrimum</span> <span class='ocrx_word' id='word_1_123' title='bbox 821 2002 1165 2068; x_wconf 89' lang='lat' dir='ltr'>schematis</span> <span class='ocrx_word' id='word_1_124' title='bbox 1224 2023 1409 2067; x_wconf 89' lang='lat' dir='ltr'>usum</span> <span class='ocrx_word' id='word_1_125' title='bbox 1456 2003 1952 2088; x_wconf 86' lang='lat' dir='ltr'>confugiendum</span> <span class='ocrx_word' id='word_1_126' title='bbox 2000 2006 2118 2083; x_wconf 90' lang='lat' dir='ltr'>est,</span> <span class='ocrx_word' id='word_1_127' title='bbox 2165 2003 2279 2087; x_wconf 90' lang='lat' dir='ltr'>qui</span> <span class='ocrx_word' id='word_1_128' title='bbox 2324 2004 2394 2068; x_wconf 90' lang='lat' dir='ltr'>in</span> <span class='ocrx_word' id='word_1_129' title='bbox 2439 2000 2716 2069; x_wconf 84' lang='lat' dir='ltr'>dialecto</span> 
     </span>
     <span class='ocr_line' id='line_1_18' title="bbox 361 2108 2720 2198; baseline 0 -24"><span class='ocrx_word' id='word_1_130' title='bbox 361 2108 588 2175; x_wconf 63' lang='lat' dir='ltr'>,Ionica</span> <span class='ocrx_word' id='word_1_131' title='bbox 647 2130 779 2174; x_wconf 91' lang='lat' dir='ltr'>non</span> <span class='ocrx_word' id='word_1_132' title='bbox 834 2108 1182 2174; x_wconf 87' lang='lat' dir='ltr'>invenitur.</span> <span class='ocrx_word' id='word_1_133' title='bbox 1240 2146 1330 2156; x_wconf 92' lang='lat'>—</span> <span class='ocrx_word' id='word_1_134' title='bbox 1397 2109 1554 2175; x_wconf 87' lang='lat' dir='ltr'>Her.</span> <span class='ocrx_word' id='word_1_135' title='bbox 1604 2108 1683 2190; x_wconf 87' lang='lat' dir='ltr'>V,</span> <span class='ocrx_word' id='word_1_136' title='bbox 1748 2109 1829 2173; x_wconf 76' lang='lat'>12</span> <span class='ocrx_word' id='word_1_137' title='bbox 1889 2114 2131 2175; x_wconf 89' lang='lat' dir='ltr'>autem:</span> <span class='ocrx_word' id='word_1_138' title='bbox 2191 2108 2265 2198; x_wconf 88' lang='grc' dir='ltr'>ἧν</span> <span class='ocrx_word' id='word_1_139' title='bbox 2322 2108 2558 2197; x_wconf 77' lang='grc' dir='ltr'><strong>Πίγρης</strong></span> <span class='ocrx_word' id='word_1_140' title='bbox 2614 2114 2720 2175; x_wconf 83' lang='grc' dir='ltr'>καὶ</span> 
     </span>
     <span class='ocr_line' id='line_1_19' title="bbox 363 2214 2719 2305; baseline 0 -25"><span class='ocrx_word' id='word_1_141' title='bbox 363 2214 682 2303; x_wconf 76' lang='grc' dir='ltr'>Μαντυης,</span> <span class='ocrx_word' id='word_1_142' title='bbox 731 2215 945 2302; x_wconf 84' lang='grc' dir='ltr'>ἄνδρες</span> <span class='ocrx_word' id='word_1_143' title='bbox 990 2215 1273 2294; x_wconf 83' lang='grc' dir='ltr'>Παίονες,</span> <span class='ocrx_word' id='word_1_144' title='bbox 1320 2216 1396 2305; x_wconf 88' lang='grc' dir='ltr'>ἧν</span> <span class='ocrx_word' id='word_1_145' title='bbox 1444 2218 1757 2300; x_wconf 89' lang='lat' dir='ltr'>pluralem</span> <span class='ocrx_word' id='word_1_146' title='bbox 1804 2216 2081 2282; x_wconf 89' lang='lat' dir='ltr'>formam</span> <span class='ocrx_word' id='word_1_147' title='bbox 2127 2238 2287 2283; x_wconf 33' lang='lat' dir='ltr'>esse.</span> <span class='ocrx_word' id='word_1_148' title='bbox 2310 2219 2541 2302; x_wconf 89' lang='lat' dir='ltr'>putare</span> <span class='ocrx_word' id='word_1_149' title='bbox 2588 2238 2719 2281; x_wconf 90' lang='lat' dir='ltr'>non</span> 
     </span>
     <span class='ocr_line' id='line_1_20' title="bbox 367 2319 2717 2412; baseline -0.001 -23"><span class='ocrx_word' id='word_1_150' title='bbox 367 2345 526 2407; x_wconf 89' lang='lat' dir='ltr'>opus</span> <span class='ocrx_word' id='word_1_151' title='bbox 572 2326 690 2388; x_wconf 88' lang='lat' dir='ltr'>est.</span> <span class='ocrx_word' id='word_1_152' title='bbox 764 2319 883 2390; x_wconf 88' lang='grc' dir='ltr'>Ἤν</span> <span class='ocrx_word' id='word_1_153' title='bbox 927 2325 1035 2389; x_wconf 91' lang='lat' dir='ltr'>hic</span> <span class='ocrx_word' id='word_1_154' title='bbox 1080 2324 1407 2410; x_wconf 85' lang='lat' dir='ltr'>singulare</span> <span class='ocrx_word' id='word_1_155' title='bbox 1453 2323 1534 2389; x_wconf 97' lang='lat' dir='ltr'>ad</span> <span class='ocrx_word' id='word_1_156' title='bbox 1580 2325 1944 2408; x_wconf 82' lang='lat' dir='ltr'>proximum</span> <span class='ocrx_word' id='word_1_157' title='bbox 1991 2345 2227 2389; x_wconf 91' lang='lat' dir='ltr'>nomeu</span> <span class='ocrx_word' id='word_1_158' title='bbox 2270 2322 2505 2412; x_wconf 78' lang='grc' dir='ltr'><strong>Πίγρης</strong></span> <span class='ocrx_word' id='word_1_159' title='bbox 2553 2323 2717 2387; x_wconf 88' lang='lat' dir='ltr'>rela-</span> 
     </span>
     <span class='ocr_line' id='line_1_21' title="bbox 367 2420 2719 2514; baseline 0.001 -21"><span class='ocrx_word' id='word_1_160' title='bbox 367 2433 507 2494; x_wconf 90' lang='lat' dir='ltr'>tum</span> <span class='ocrx_word' id='word_1_161' title='bbox 565 2451 701 2495; x_wconf 88' lang='lat' dir='ltr'>esse</span> <span class='ocrx_word' id='word_1_162' title='bbox 759 2428 891 2494; x_wconf 90' lang='lat' dir='ltr'>iam</span> <span class='ocrx_word' id='word_1_163' title='bbox 947 2429 1267 2495; x_wconf 86' lang='lat' dir='ltr'>Matthiae</span> <span class='ocrx_word' id='word_1_164' title='bbox 1324 2432 1360 2514; x_wconf 62' lang='grc' dir='ltr'>ἓ</span> <span class='ocrx_word' id='word_1_165' title='bbox 1407 2429 1557 2510; x_wconf 88' lang='lat'>303,</span> <span class='ocrx_word' id='word_1_166' title='bbox 1610 2432 1645 2495; x_wconf 90' lang='lat'>1</span> <span class='ocrx_word' id='word_1_167' title='bbox 1697 2431 2039 2497; x_wconf 83' lang='lat' dir='ltr'>intellexit.</span> <span class='ocrx_word' id='word_1_168' title='bbox 2133 2430 2324 2495; x_wconf 88' lang='lat' dir='ltr'>Hunc</span> <span class='ocrx_word' id='word_1_169' title='bbox 2369 2420 2719 2514; x_wconf 75' lang='lat' dir='ltr'>singularis</span> 
     </span>
     <span class='ocr_line' id='line_1_22' title="bbox 372 2536 2722 2624; baseline 0 -22"><span class='ocrx_word' id='word_1_170' title='bbox 372 2537 551 2604; x_wconf 86' lang='lat' dir='ltr'>verbi</span> <span class='ocrx_word' id='word_1_171' title='bbox 581 2560 767 2602; x_wconf 86' lang='lat' dir='ltr'>usum</span> <span class='ocrx_word' id='word_1_172' title='bbox 814 2536 988 2601; x_wconf 92' lang='lat' dir='ltr'>haud</span> <span class='ocrx_word' id='word_1_173' title='bbox 1034 2537 1353 2604; x_wconf 88' lang='lat' dir='ltr'>insuetum</span> <span class='ocrx_word' id='word_1_174' title='bbox 1405 2561 1541 2605; x_wconf 89' lang='lat' dir='ltr'>esse</span> <span class='ocrx_word' id='word_1_175' title='bbox 1588 2539 1852 2605; x_wconf 85' lang='lat' dir='ltr'>docetur</span> <span class='ocrx_word' id='word_1_176' title='bbox 1880 2540 2025 2604; x_wconf 92' lang='lat' dir='ltr'>aliis</span> <span class='ocrx_word' id='word_1_177' title='bbox 2054 2540 2226 2618; x_wconf 88' lang='lat' dir='ltr'>locis,</span> <span class='ocrx_word' id='word_1_178' title='bbox 2260 2560 2533 2624; x_wconf 87' lang='lat' dir='ltr'>quorum</span> <span class='ocrx_word' id='word_1_179' title='bbox 2560 2537 2722 2603; x_wconf 90' lang='lat' dir='ltr'>haec</span> 
     </span>
     <span class='ocr_line' id='line_1_23' title="bbox 371 2644 693 2710; baseline -0.003 0"><span class='ocrx_word' id='word_1_180' title='bbox 371 2644 693 2710; x_wconf 87' lang='lat' dir='ltr'>conferas:</span> 
     </span>
    </p>
   </div>
   <div class='ocr_carea' id='block_1_5' title="bbox 369 2766 2291 2965">
    <p class='ocr_par' dir='ltr' id='par_1_6' title="bbox 369 2766 2291 2965">
     <span class='ocr_line' id='line_1_24' title="bbox 374 2766 1435 2856; baseline 0.001 -23"><span class='ocrx_word' id='word_1_181' title='bbox 374 2768 456 2847; x_wconf 91' lang='grc' dir='ltr'>Π,</span> <span class='ocrx_word' id='word_1_182' title='bbox 505 2766 638 2832; x_wconf 91' lang='grc'>844</span> <span class='ocrx_word' id='word_1_183' title='bbox 685 2818 699 2833; x_wconf 93' lang='grc'><strong>.</strong></span> <span class='ocrx_word' id='word_1_184' title='bbox 751 2819 766 2833; x_wconf 95' lang='grc'><strong>.</strong></span> <span class='ocrx_word' id='word_1_185' title='bbox 816 2818 830 2832; x_wconf 93' lang='grc'><strong>.</strong></span> <span class='ocrx_word' id='word_1_186' title='bbox 881 2818 895 2833; x_wconf 93' lang='grc'><strong>.</strong></span> <span class='ocrx_word' id='word_1_187' title='bbox 943 2773 1037 2835; x_wconf 83' lang='grc' dir='ltr'>σοὶ</span> <span class='ocrx_word' id='word_1_188' title='bbox 1082 2773 1196 2856; x_wconf 87' lang='grc' dir='ltr'>γὰρ</span> <span class='ocrx_word' id='word_1_189' title='bbox 1245 2770 1435 2836; x_wconf 83' lang='grc' dir='ltr'>ἔδωκε</span> 
     </span>
     <span class='ocr_line' id='line_1_25' title="bbox 369 2874 2291 2965; baseline 0.001 -25"><span class='ocrx_word' id='word_1_190' title='bbox 369 2875 570 2965; x_wconf 81' lang='grc' dir='ltr'>Νίκην</span> <span class='ocrx_word' id='word_1_191' title='bbox 616 2874 766 2950; x_wconf 82' lang='grc' dir='ltr'>Ζεὺς</span> <span class='ocrx_word' id='word_1_192' title='bbox 812 2874 1118 2964; x_wconf 84' lang='grc' dir='ltr'>Κρονίδης</span> <span class='ocrx_word' id='word_1_193' title='bbox 1163 2880 1271 2942; x_wconf 87' lang='grc' dir='ltr'>καὶ</span> <span class='ocrx_word' id='word_1_194' title='bbox 1317 2875 1670 2957; x_wconf 87' lang='grc' dir='ltr'>Ἀπόλλων,</span> <span class='ocrx_word' id='word_1_195' title='bbox 1719 2877 1784 2943; x_wconf 79' lang='grc' dir='ltr'>οἵ</span> <span class='ocrx_word' id='word_1_196' title='bbox 1807 2880 1869 2964; x_wconf 89' lang='grc' dir='ltr'>μ’</span> <span class='ocrx_word' id='word_1_197' title='bbox 1918 2877 2291 2964; x_wconf 81' lang='grc' dir='ltr'>ἐδάμασσαν.</span> 
     </span>
    </p>
   </div>
   <div class='ocr_carea' id='block_1_6' title="bbox 368 2982 2835 3072">
    <p class='ocr_par' dir='ltr' id='par_1_7' title="bbox 368 2982 2835 3072">
     <span class='ocr_line' id='line_1_26' title="bbox 368 2982 2835 3072; baseline 0.001 -25"><span class='ocrx_word' id='word_1_198' title='bbox 368 2983 536 3048; x_wconf 91' lang='lat' dir='ltr'>Plat.</span> <span class='ocrx_word' id='word_1_199' title='bbox 587 2982 831 3068; x_wconf 84' lang='lat' dir='ltr'>Theag.</span> <span class='ocrx_word' id='word_1_200' title='bbox 880 3004 941 3066; x_wconf 91' lang='lat' dir='ltr'>p.</span> <span class='ocrx_word' id='word_1_201' title='bbox 977 2982 1103 3046; x_wconf 84' lang='lat'>129</span> <span class='ocrx_word' id='word_1_202' title='bbox 1149 2982 1225 3048; x_wconf 94' lang='lat' dir='ltr'>B.</span> <span class='ocrx_word' id='word_1_203' title='bbox 1257 2982 1357 3049; x_wconf 80' lang='grc' dir='ltr'>ὅτε</span> <span class='ocrx_word' id='word_1_204' title='bbox 1387 2984 1673 3050; x_wconf 83' lang='grc' dir='ltr'>ἀνίστατο</span> <span class='ocrx_word' id='word_1_205' title='bbox 1702 2984 1774 3051; x_wconf 81' lang='grc' dir='ltr'>ἐκ</span> <span class='ocrx_word' id='word_1_206' title='bbox 1809 2995 1914 3051; x_wconf 82' lang='grc' dir='ltr'>τοῦ</span> <span class='ocrx_word' id='word_1_207' title='bbox 1944 2987 2281 3072; x_wconf 73' lang='grc' dir='ltr'>συμποσίου</span> <span class='ocrx_word' id='word_1_208' title='bbox 2319 2982 2351 3049; x_wconf 87' lang='grc' dir='ltr'>ὁ</span> <span class='ocrx_word' id='word_1_209' title='bbox 2396 2982 2719 3071; x_wconf 82' lang='grc' dir='ltr'>Τίμαρχος</span> <span class='ocrx_word' id='word_1_210' title='bbox 2821 3019 2835 3038; x_wconf 91' lang='lat'><strong>·</strong></span> 
     </span>
    </p>
   </div>
   <div class='ocr_carea' id='block_1_7' title="bbox 368 3089 2721 3389">
    <p class='ocr_par' dir='ltr' id='par_1_8' title="bbox 368 3089 2721 3389">
     <span class='ocr_line' id='line_1_27' title="bbox 368 3089 2221 3178; baseline 0.001 -22"><span class='ocrx_word' id='word_1_211' title='bbox 368 3095 475 3156; x_wconf 86' lang='grc' dir='ltr'>καὶ</span> <span class='ocrx_word' id='word_1_212' title='bbox 521 3089 826 3177; x_wconf 86' lang='grc' dir='ltr'>Φιλήμων</span> <span class='ocrx_word' id='word_1_213' title='bbox 873 3089 907 3155; x_wconf 86' lang='grc' dir='ltr'>ὁ</span> <span class='ocrx_word' id='word_1_214' title='bbox 955 3089 1412 3178; x_wconf 80' lang='grc' dir='ltr'>Φιλημωνίδου,</span> <span class='ocrx_word' id='word_1_215' title='bbox 1460 3090 1928 3167; x_wconf 79' lang='grc' dir='ltr'>ἀποκτενοῦντες</span> <span class='ocrx_word' id='word_1_216' title='bbox 1974 3091 2221 3170; x_wconf 80' lang='grc' dir='ltr'>Νικίαν,</span> 
     </span>
     <span class='ocr_line' id='line_1_28' title="bbox 369 3197 2721 3285; baseline -0.001 -22"><span class='ocrx_word' id='word_1_217' title='bbox 369 3197 483 3278; x_wconf 82' lang='lat' dir='ltr'>ubi</span> <span class='ocrx_word' id='word_1_218' title='bbox 536 3198 839 3262; x_wconf 87' lang='lat' dir='ltr'>similiter</span> <span class='ocrx_word' id='word_1_219' title='bbox 900 3198 1325 3283; x_wconf 86' lang='lat' dir='ltr'>appositionis</span> <span class='ocrx_word' id='word_1_220' title='bbox 1381 3199 1519 3265; x_wconf 93' lang='lat' dir='ltr'>loco</span> <span class='ocrx_word' id='word_1_221' title='bbox 1575 3198 1822 3263; x_wconf 89' lang='lat' dir='ltr'>duobus</span> <span class='ocrx_word' id='word_1_222' title='bbox 1867 3199 2236 3264; x_wconf 89' lang='lat' dir='ltr'>nominibus</span> <span class='ocrx_word' id='word_1_223' title='bbox 2283 3198 2721 3285; x_wconf 87' lang='lat' dir='ltr'>singularibus</span> 
     </span>
     <span class='ocr_line' id='line_1_29' title="bbox 371 3306 1244 3389; baseline 0.001 -20"><span class='ocrx_word' id='word_1_224' title='bbox 371 3327 610 3371; x_wconf 92' lang='lat' dir='ltr'>nomen</span> <span class='ocrx_word' id='word_1_225' title='bbox 654 3306 899 3389; x_wconf 88' lang='lat' dir='ltr'>plurale</span> <span class='ocrx_word' id='word_1_226' title='bbox 945 3306 1244 3372; x_wconf 88' lang='lat' dir='ltr'>succedit.</span> 
     </span>
    </p>
   </div>
   <div class='ocr_carea' id='block_1_8' title="bbox 376 3445 2722 3745">
    <p class='ocr_par' dir='ltr' id='par_1_9' title="bbox 376 3445 2722 3745">
     <span class='ocr_line' id='line_1_30' title="bbox 552 3445 2721 3534; baseline -0.001 -22"><span class='ocrx_word' id='word_1_227' title='bbox 552 3445 844 3533; x_wconf 86' lang='lat' dir='ltr'>Denique</span> <span class='ocrx_word' id='word_1_228' title='bbox 891 3447 974 3512; x_wconf 88' lang='lat' dir='ltr'>ad</span> <span class='ocrx_word' id='word_1_229' title='bbox 1020 3447 1378 3513; x_wconf 89' lang='lat' dir='ltr'>Atticam</span> <span class='ocrx_word' id='word_1_230' title='bbox 1425 3447 1769 3514; x_wconf 92' lang='lat' dir='ltr'>dialectum</span> <span class='ocrx_word' id='word_1_231' title='bbox 1818 3448 2243 3534; x_wconf 61' lang='lat' dir='ltr'>pervenimus</span> <span class='ocrx_word' id='word_1_232' title='bbox 2319 3447 2415 3515; x_wconf 89' lang='lat' dir='ltr'>Ac</span> <span class='ocrx_word' id='word_1_233' title='bbox 2443 3447 2721 3533; x_wconf 92' lang='lat' dir='ltr'>primum</span> 
     </span>
     <span class='ocr_line' id='line_1_31' title="bbox 378 3553 2722 3644; baseline 0.002 -28"><span class='ocrx_word' id='word_1_234' title='bbox 378 3553 635 3637; x_wconf 91' lang='lat' dir='ltr'>quidem</span> <span class='ocrx_word' id='word_1_235' title='bbox 693 3554 919 3621; x_wconf 89' lang='lat' dir='ltr'>traditi</span> <span class='ocrx_word' id='word_1_236' title='bbox 977 3559 1129 3621; x_wconf 89' lang='lat' dir='ltr'>sunt</span> <span class='ocrx_word' id='word_1_237' title='bbox 1189 3557 1320 3621; x_wconf 86' lang='lat' dir='ltr'>tres</span> <span class='ocrx_word' id='word_1_238' title='bbox 1366 3556 1488 3622; x_wconf 90' lang='lat' dir='ltr'>loci</span> <span class='ocrx_word' id='word_1_239' title='bbox 1533 3556 1949 3641; x_wconf 83' lang='lat' dir='ltr'>tragicorum,</span> <span class='ocrx_word' id='word_1_240' title='bbox 1998 3554 2107 3620; x_wconf 92' lang='lat' dir='ltr'>ubi</span> <span class='ocrx_word' id='word_1_241' title='bbox 2152 3554 2227 3644; x_wconf 79' lang='grc' dir='ltr'>ἦν</span> <span class='ocrx_word' id='word_1_242' title='bbox 2274 3576 2417 3620; x_wconf 91' lang='lat' dir='ltr'>cum</span> <span class='ocrx_word' id='word_1_243' title='bbox 2462 3555 2722 3621; x_wconf 89' lang='lat' dir='ltr'>nomine</span> 
     </span>
     <span class='ocr_line' id='line_1_32' title="bbox 376 3660 1245 3745; baseline 0.003 -20"><span class='ocrx_word' id='word_1_244' title='bbox 376 3660 617 3745; x_wconf 90' lang='lat' dir='ltr'>plurali</span> <span class='ocrx_word' id='word_1_245' title='bbox 662 3665 760 3727; x_wconf 91' lang='lat' dir='ltr'>est</span> <span class='ocrx_word' id='word_1_246' title='bbox 805 3663 1245 3729; x_wconf 84' lang='lat' dir='ltr'>coniunctum:</span> 
     </span>
    </p>
   </div>
   <div class='ocr_carea' id='block_1_9' title="bbox 372 3784 1775 4001">
    <p class='ocr_par' dir='ltr' id='par_1_10' title="bbox 372 3784 1775 4001">
     <span class='ocr_line' id='line_1_33' title="bbox 372 3784 1050 3871; baseline 0.001 -19"><span class='ocrx_word' id='word_1_247' title='bbox 372 3784 566 3871; x_wconf 85' lang='lat' dir='ltr'>Soph.</span> <span class='ocrx_word' id='word_1_248' title='bbox 616 3786 848 3854; x_wconf 88' lang='lat' dir='ltr'>Trach.</span> <span class='ocrx_word' id='word_1_249' title='bbox 897 3786 1050 3853; x_wconf 84' lang='lat'>520.</span> 
     </span>
     <span class='ocr_line' id='line_1_34' title="bbox 460 3911 1775 4001; baseline 0.002 -25"><span class='ocrx_word' id='word_1_250' title='bbox 460 3914 583 3978; x_wconf 87' lang='grc' dir='ltr'>τότ’</span> <span class='ocrx_word' id='word_1_251' title='bbox 633 3911 709 4001; x_wconf 83' lang='grc' dir='ltr'>ἦν</span> <span class='ocrx_word' id='word_1_252' title='bbox 757 3918 963 4000; x_wconf 88' lang='grc' dir='ltr'>χερός,</span> <span class='ocrx_word' id='word_1_253' title='bbox 1011 3911 1087 4001; x_wconf 79' lang='grc' dir='ltr'>ἦν</span> <span class='ocrx_word' id='word_1_254' title='bbox 1135 3914 1200 3978; x_wconf 87' lang='grc' dir='ltr'>δὲ</span> <span class='ocrx_word' id='word_1_255' title='bbox 1246 3914 1434 3986; x_wconf 77' lang='grc' dir='ltr'>τόξων</span> <span class='ocrx_word' id='word_1_256' title='bbox 1480 3918 1775 3996; x_wconf 77' lang='grc' dir='ltr'>πάταγος,</span> 
     </span>
    </p>
   </div>
   <div class='ocr_carea' id='block_1_10' title="bbox 370 4040 799 4048">
    <p class='ocr_par' dir='ltr' id='par_1_11' title="bbox 370 4040 799 4048">
     <span class='ocr_line' id='line_1_35' title="bbox 370 4040 799 4048; baseline 0 0"><span class='ocrx_word' id='word_1_257' title='bbox 370 4040 799 4048; x_wconf 95' lang='lat' dir='ltr'> </span> 
     </span>
    </p>
   </div>
   <div class='ocr_carea' id='block_1_11' title="bbox 370 4088 2725 4431">
    <p class='ocr_par' dir='ltr' id='par_1_12' title="bbox 370 4088 2725 4431">
     <span class='ocr_line' id='line_1_36' title="bbox 552 4088 2725 4163; baseline -0.001 -16"><span class='ocrx_word' id='word_1_258' title='bbox 552 4088 624 4158; x_wconf 75' lang='lat'>²⁶)</span> <span class='ocrx_word' id='word_1_259' title='bbox 662 4090 745 4147; x_wconf 85' lang='lat' dir='ltr'>Cf.</span> <span class='ocrx_word' id='word_1_260' title='bbox 797 4090 1058 4147; x_wconf 86' lang='lat' dir='ltr'>Schaefer</span> <span class='ocrx_word' id='word_1_261' title='bbox 1105 4090 1183 4146; x_wconf 87' lang='lat' dir='ltr'>ad</span> <span class='ocrx_word' id='word_1_262' title='bbox 1230 4091 1378 4146; x_wconf 87' lang='lat' dir='ltr'>Plut.</span> <span class='ocrx_word' id='word_1_263' title='bbox 1427 4092 1535 4146; x_wconf 87' lang='lat' dir='ltr'>vol.</span> <span class='ocrx_word' id='word_1_264' title='bbox 1574 4092 1644 4157; x_wconf 91' lang='lat' dir='ltr'>V,</span> <span class='ocrx_word' id='word_1_265' title='bbox 1692 4111 1745 4163; x_wconf 90' lang='lat' dir='ltr'>p.</span> <span class='ocrx_word' id='word_1_266' title='bbox 1786 4092 1905 4150; x_wconf 83' lang='lat'>142.</span> <span class='ocrx_word' id='word_1_267' title='bbox 1978 4092 2031 4147; x_wconf 81' lang='lat' dir='ltr'>Is</span> <span class='ocrx_word' id='word_1_268' title='bbox 2081 4092 2274 4147; x_wconf 86' lang='lat' dir='ltr'>autem</span> <span class='ocrx_word' id='word_1_269' title='bbox 2310 4089 2540 4146; x_wconf 85' lang='lat' dir='ltr'>Coraem</span> <span class='ocrx_word' id='word_1_270' title='bbox 2574 4091 2725 4145; x_wconf 87' lang='lat' dir='ltr'>male</span> 
     </span>
     <span class='ocr_line' id='line_1_37' title="bbox 370 4174 2722 4252; baseline 0 -17"><span class='ocrx_word' id='word_1_271' title='bbox 370 4179 656 4236; x_wconf 86' lang='lat' dir='ltr'>intellexit</span> <span class='ocrx_word' id='word_1_272' title='bbox 708 4180 971 4252; x_wconf 78' lang='lat' dir='ltr'>opinatus</span> <span class='ocrx_word' id='word_1_273' title='bbox 1025 4197 1151 4236; x_wconf 87' lang='lat' dir='ltr'>eum</span> <span class='ocrx_word' id='word_1_274' title='bbox 1200 4174 1268 4252; x_wconf 84' lang='grc' dir='ltr'>ἦν</span> <span class='ocrx_word' id='word_1_275' title='bbox 1314 4180 1659 4252; x_wconf 83' lang='lat' dir='ltr'>singularem</span> <span class='ocrx_word' id='word_1_276' title='bbox 1703 4179 1927 4246; x_wconf 88' lang='lat' dir='ltr'>habere,</span> <span class='ocrx_word' id='word_1_277' title='bbox 1987 4181 2243 4252; x_wconf 86' lang='lat' dir='ltr'>quamvis</span> <span class='ocrx_word' id='word_1_278' title='bbox 2289 4196 2355 4235; x_wconf 87' lang='lat' dir='ltr'>ex</span> <span class='ocrx_word' id='word_1_279' title='bbox 2402 4179 2722 4235; x_wconf 81' lang='lat' dir='ltr'>testimonio</span> 
     </span>
     <span class='ocr_line' id='line_1_38' title="bbox 372 4267 2715 4340; baseline -0 -15"><span class='ocrx_word' id='word_1_280' title='bbox 372 4268 561 4325; x_wconf 83' lang='lat' dir='ltr'>Corais</span> <span class='ocrx_word' id='word_1_281' title='bbox 605 4269 728 4340; x_wconf 85' lang='lat' dir='ltr'>ipso</span> <span class='ocrx_word' id='word_1_282' title='bbox 777 4269 1059 4326; x_wconf 82' lang='lat' dir='ltr'>contraria</span> <span class='ocrx_word' id='word_1_283' title='bbox 1096 4269 1389 4326; x_wconf 85' lang='lat' dir='ltr'>Schaefero</span> <span class='ocrx_word' id='word_1_284' title='bbox 1425 4270 1707 4326; x_wconf 83' lang='lat' dir='ltr'>sententia</span> <span class='ocrx_word' id='word_1_285' title='bbox 1731 4272 1976 4326; x_wconf 87' lang='lat' dir='ltr'>eruenda</span> <span class='ocrx_word' id='word_1_286' title='bbox 2012 4270 2101 4325; x_wconf 73' lang='lat' dir='ltr'>ait.</span> <span class='ocrx_word' id='word_1_287' title='bbox 2163 4269 2361 4326; x_wconf 81' lang='lat' dir='ltr'>Coraes</span> <span class='ocrx_word' id='word_1_288' title='bbox 2384 4269 2534 4324; x_wconf 90' lang='lat' dir='ltr'>enim</span> <span class='ocrx_word' id='word_1_289' title='bbox 2558 4267 2715 4324; x_wconf 76' lang='lat' dir='ltr'>dicitt</span> 
     </span>
     <span class='ocr_line' id='line_1_39' title="bbox 374 4352 2721 4431; baseline 0 -23"><span class='ocrx_word' id='word_1_290' title='bbox 374 4354 666 4427; x_wconf 84' lang='grc' dir='ltr'>Σημείωσαι</span> <span class='ocrx_word' id='word_1_291' title='bbox 713 4358 770 4409; x_wconf 82' lang='grc' dir='ltr'>τὸ</span> <span class='ocrx_word' id='word_1_292' title='bbox 807 4352 874 4431; x_wconf 79' lang='grc' dir='ltr'>ἦν</span> <span class='ocrx_word' id='word_1_293' title='bbox 910 4356 986 4410; x_wconf 75' lang='grc' dir='ltr'>ἐπὶ</span> <span class='ocrx_word' id='word_1_294' title='bbox 1024 4364 1110 4411; x_wconf 85' lang='grc' dir='ltr'>τοῦ</span> <span class='ocrx_word' id='word_1_295' title='bbox 1144 4355 1486 4430; x_wconf 79' lang='grc' dir='ltr'>πληθυντικοῦ</span> <span class='ocrx_word' id='word_1_296' title='bbox 1533 4352 1669 4431; x_wconf 78' lang='grc' dir='ltr'>ἦσαν</span> <span class='ocrx_word' id='word_1_297' title='bbox 1703 4358 1994 4430; x_wconf 75' lang='grc' dir='ltr'>τεταγμένον</span> <span class='ocrx_word' id='word_1_298' title='bbox 2030 4360 2161 4410; x_wconf 79' lang='grc' dir='ltr'>κατὰ</span> <span class='ocrx_word' id='word_1_299' title='bbox 2197 4357 2440 4428; x_wconf 79' lang='grc' dir='ltr'>Δωριέων,</span> <span class='ocrx_word' id='word_1_300' title='bbox 2478 4356 2548 4420; x_wconf 83' lang='grc' dir='ltr'>ὥς</span> <span class='ocrx_word' id='word_1_301' title='bbox 2585 4374 2721 4429; x_wconf 80' lang='grc' dir='ltr'>φασι,</span> 
     </span>
    </p>
   </div>
   <div class='ocr_carea' id='block_1_12' title="bbox 372 4443 652 4502">
    <p class='ocr_par' dir='ltr' id='par_1_13' title="bbox 372 4443 652 4502">
     <span class='ocr_line' id='line_1_40' title="bbox 372 4443 652 4502; baseline 0.014 -5"><span class='ocrx_word' id='word_1_302' title='bbox 372 4443 628 4498; x_wconf 77' lang='grc' dir='ltr'>διάλεκτον</span> <span class='ocrx_word' id='word_1_303' title='bbox 638 4488 652 4502; x_wconf 91' lang='grc'><strong>.</strong></span> 
     </span>
    </p>
   </div>
  </div>
 </body>
</html>
