3226 5028
1653 245 1747 309 42-

519 424 712 528 atque
811 444 1128 529 originem
1227 442 1401 508 ducit
1484 464 1564 506 ex
1595 434 1600 437 ’
1663 440 2144 525 comparatione
2229 440 2478 506 formae
2562 439 2638 527 ἧν
2724 462 2866 505 cum

521 550 718 615 tertia
787 549 1058 635 pluralis
1125 571 1398 635 persona
1458 548 1703 634 aoristi
1770 548 2007 634 passivi
2049 548 2339 614 breviore
2356 598 2372 626 ,
2442 550 2517 612 ut
2583 547 2866 635 ἤγερθεν.

519 655 735 742 Atque
784 659 852 722 in
886 659 975 723 'ea
1033 657 1517 742 comparatione
1563 656 1697 722 sola
1741 654 1987 739 aliquid
2025 656 2169 721 'veri
2215 656 2417 734 inest;
2467 676 2616 720 nam
2666 656 2734 719 et
2791 652 2865 742 ἧν

520 758 587 828 et
614 763 876 851 ἤγερθεν
913 763 1140 829 'eodem
1188 765 1378 829 modo
1426 763 1710 828 formata
1754 765 1930 841 sunt,
1976 784 2129 828 sane
2175 762 2517 829 admodum
2563 762 2754 827 aliter
2797 783 2870 825 ac

520 869 993 937 Choeroboscus
1049 873 1117 937 et
1172 869 1626 955 Moschopulus
1686 872 1939 955 putant.
1998 907 2082 918 ——
2133 869 2257 936 Hic
2303 870 2574 935 alteram
2617 890 2869 953 quoque

521 977 650 1051 fert
694 979 1116 1043 sententiam:
1166 977 1240 1067 ἦν
1286 1000 1365 1043 ex
1410 976 1607 1066 ἦσαν,
1639 980 1714 1042 ut
1771 977 2032 1065 ἤγερθεν
2064 1000 2142 1044 ex
2189 975 2570 1065 ἠγέρθησαν,
2602 975 2865 1042 elisione

522 1083 773 1168 syllaba
815 1108 899 1151 σα
942 1086 1293 1151 formatum
1338 1107 1493 1151 esse.

699 1245 913 1311 Etiam
987 1245 1393 1331 grammatici
1462 1245 1846 1312 recentiores
1911 1244 2070 1308 illud
2133 1243 2207 1332 ἤν
2278 1247 2659 1328 comparant
2727 1265 2870 1309 cum

522 1352 748 1418 formis
793 1353 1054 1441 ἤγερθεν
1100 1376 1216 1438 pro
1263 1351 1643 1442 ἠγέρθησαν,
1691 1352 1827 1419 ἔδυν
1871 1373 1989 1437 pro
2038 1351 2274 1428 ἔδυσαν,
2306 1351 2451 1435 ἔβαν
2478 1371 2596 1435 pro
2624 1350 2869 1439 ἔβησαν.

522 1459 640 1524 Est
684 1463 899 1526 autem
947 1461 1038 1527 sic
1084 1460 1294 1525 forma
1339 1460 1414 1549 ἦν
1460 1459 1730 1544 pluralis
1776 1463 2027 1526 exorta:
2078 1458 2381 1524 Profecta
2428 1461 2526 1522 est
2553 1480 2630 1522 ex
2656 1457 2870 1523 radice

523 1591 590 1632 εσ
655 1589 798 1632 cum
864 1571 1213 1654 augmento
1269 1572 1337 1632 et
1396 1565 1857 1632 terminatione
1924 1565 2213 1633 breviore
2269 1563 2505 1629 tertiae
2561 1587 2870 1649 personae

523 1672 790 1757 pluralis
838 1699 869 1740 ν
927 1696 1044 1759 pro
1091 1697 1246 1762 ησαν
1311 1673 1408 1738 ita
1455 1674 1812 1751 coniuncta,
1859 1677 1936 1735 ut
1981 1669 2128 1759 ἠσ-ν
2175 1671 2319 1748 fiat;
2368 1693 2493 1754 qua
2537 1693 2618 1736 ex
2662 1674 2872 1736 forma

525 1806 561 1847 σ
609 1783 763 1846 eliso
809 1784 1024 1847 ortum
1071 1785 1169 1845 est
1214 1780 1306 1869 ἧν.
1374 1781 1696 1846 Producta
1744 1780 1981 1844 vocalis
2024 1782 2373 1864 augmento
2406 1778 2565 1843 satis
2594 1777 2871 1844 dilucida

524 1890 642 1968 est,
700 1894 776 1954 ut
833 1888 1032 1954 mirus
1097 1887 1395 1953 videatur
1450 1887 1834 1952 Kuehnerus
1889 1885 1941 1966 Ι,
2003 1888 2039 1970 ἓ
2099 1885 2248 1963 210,
2309 1885 2350 1949 6
2385 1889 2479 1949 ‘et
2524 1887 2561 1969 ς
2610 1884 2761 1963 298,
2811 1886 2869 1965 1,

525 1995 636 2080 qui
682 2017 813 2060 rem
862 1995 954 2062 sic
999 1996 1325 2079 explanat,
1377 1993 1577 2077 quasi,
1627 2016 1707 2057 ne
1753 1994 1942 2057 nimis
1989 1992 2259 2059 obscura
2290 1995 2409 2058 fiat
2438 1992 2616 2058 brevi
2645 1993 2871 2070 vocali,

525 2101 733 2169 forma
796 2100 1110 2185 producta
1173 2101 1279 2166 sit.
1374 2100 1671 2165 Ceterum
1733 2098 2115 2163 Kuehnerus
2169 2099 2291 2163 sibi
2349 2099 2473 2183 ipsi
2519 2102 2871 2185 repugnat3

527 2230 914 2293 quamquam
961 2209 1133 2274 enim
1191 2208 1261 2272 in
1307 2207 1495 2272 initio
1541 2208 1578 2290 ς
1626 2206 1777 2284 210,
1828 2205 1869 2270 6
1916 2205 2072 2270 dicit
2116 2205 2236 2270 has
2283 2207 2518 2271 formas
2566 2206 2635 2271 in
2681 2230 2711 2272 ν
2756 2229 2872 2291 pro

524 2339 682 2403 ησαν
746 2314 1114 2395 terminari,
1180 2318 1402 2379 tamen
1463 2313 1760 2397 deinceps
1827 2318 1895 2377 et
1959 2314 1995 2396 ἓ
2063 2312 2225 2392 298,
2296 2314 2326 2377 1
2397 2312 2471 2401 ἦν
2538 2335 2616 2377 ex
2681 2313 2872 2402 ἧσ-αν

529 2424 826 2487 exortum
873 2443 1008 2486 esse
1055 2422 1197 2485 vult
1242 2420 1506 2486 elisione
1551 2445 1587 2486 σ
1634 2421 1883 2485 literae.
1901 2421 1982 2504 25)

706 2582 867 2648 Cum
924 2582 1128 2670 igitur
1181 2583 1389 2647 forma
1447 2581 1522 2670 ἤν
1567 2582 1837 2667 pluralis
1884 2582 2080 2647 etiam
2137 2582 2387 2667 legibus
2434 2581 2874 2666 grammaticis

528 2690 915 2777 respondeat
979 2690 1325 2774 eodemque
1388 2688 1576 2754 modo
1642 2691 1868 2754 exorta
1931 2689 2047 2767 sit,
2111 2711 2237 2773 quo
2302 2690 2438 2755 ἔδυν
2503 2692 2572 2754 et
2634 2687 2873 2754 similes

529 2800 805 2880 formae,
874 2793 1234 2883 putandum
1293 2798 1393 2863 est
1437 2795 1595 2861 illud
1641 2796 1716 2884 ἧν
1762 2796 1831 2861 in
1877 2796 2170 2861 omnibus
2218 2796 2507 2864 dialectis
2554 2796 2647 2862 ita
2691 2818 2876 2860 usur-

527 2906 692 2990 pari,
741 2908 816 2970 ut
863 2906 1004 2978 illas
1051 2905 1369 2971 breviores
1414 2903 1645 2968 aoristi
1691 2903 1953 2969 formas.
2195 2911 2202 2918 ‘

709 3064 902 3150 Apud
948 3063 1381 3155 Aeolenses
1425 3062 1700 3129 Asianos
1746 3066 1822 3127 ut
1868 3064 2114 3128 nullum
2162 3065 2519 3147 exemplum
2566 3063 2875 3128 brevioris

531 3172 758 3241 aoristi
812 3173 1058 3237 formae
1115 3171 1465 3254 reperitur,
1526 3171 1582 3235 si
1642 3171 1982 3250 AhrensiO,
2042 3170 2119 3235 de
2167 3170 2319 3235 dial.
2370 3169 2550 3235 Aeol.
2599 3193 2661 3255 p.
2726 3168 2875 3248 144,

531 3282 568 3363 ἓ
629 3278 735 3358 26,
799 3279 903 3358 11,
959 3277 1149 3343 fidem
1209 3277 1534 3359 habemuS,
1596 3279 1692 3342 ita
1738 3279 1988 3368 nullum
2034 3278 2280 3344 formae
2326 3276 2401 3365 ἤν
2446 3276 2878 3343 demonstrari

530 3390 769 3473 potest.
885 3384 1009 3451 Sed
1073 3385 1274 3451 etiam
1342 3384 1512 3470 apud
1575 3384 1853 3454 Boeotos
1916 3385 2126 3451 forma
2198 3384 2271 3473 ἧν
2338 3406 2471 3450 non
2526 3383 2873 3462 invenitur,

531 3516 920 3580 quamquam
964 3491 1287 3559 breviores
1332 3492 1555 3556 aoristi
1585 3493 1822 3558 formas
1861 3491 2256 3558 Boeotorum
2284 3494 2559 3556 maxime
2586 3489 2878 3576 proprias

530 3623 668 3689 esse
723 3623 763 3665 a
816 3600 1140 3665 veteribus
1199 3598 1510 3676 traditum
1569 3599 1653 3663 cf.
1716 3598 1991 3677 Ahrens,
2053 3599 2130 3664 de
2186 3598 2333 3663 dial.
2385 3598 2564 3664 Aeol.
2614 3622 2677 3685 p.
2726 3596 2876 3676 210,

532 3710 569 3794 g
613 3707 723 3790 46,
770 3707 833 3773 4.

710 3869 789 3934 In
833 3868 1109 3935 dialecto
1154 3867 1294 3933 Ion
1310 3867 1330 3931 i
1345 3889 1378 3931 c
1393 3888 1432 3930 a
1478 3865 1553 3954 ἧν
1589 3865 1789 3932 tertia
1818 3887 2089 3949 persona
2119 3864 2383 3950 pluralis
2412 3867 2597 3930 extra
2625 3884 2876 3928 omnem

533 3976 1002 4043 dubitationem
1058 3975 1315 4039 sublata
1374 3976 1491 4038 est.
1595 3971 1788 4056 Apud
1847 3971 2076 4038 Aesch.
2139 3996 2188 4039 c.
2241 3972 2412 4038 Ctes.
2461 3971 2550 4036 60
2594 3974 2662 4036 et
2706 3970 2877 4034 Plut.

539 4082 698 4151 Cim.
767 4083 807 4148 9
875 4082 1000 4168 (ed.
1060 4080 1386 4148 Schaeferi
1442 4080 1526 4160 Il,
1584 4102 1647 4164 p.
1708 4080 1859 4158 229,
1927 4078 2039 4163 27)
2096 4079 2425 4144 invenitur
2482 4079 2879 4165 epigramma

534 4191 759 4270 (etiam
803 4189 1160 4275 Antholog.
1208 4211 1305 4276 gr.
1356 4185 1627 4272 append.
1678 4183 1809 4250 205
1853 4185 2152 4272 legitur):

715 4420 788 4493 ²⁵)
827 4421 911 4479 Of.
949 4422 1188 4488 Curtius,
1233 4419 1397 4475 Verb.
1435 4420 1478 4488 1,
1522 4418 1648 4485 148;
1687 4419 1997 4491 Westphal‚
2047 4435 2132 4489 gr.
2168 4416 2446 4473 Formenl.
2484 4416 2554 4479 11,
2592 4435 2645 4488 p.
2687 4415 2806 4471 102.
