3226 5028
1571 274 1640 340 11

426 480 555 554 est.;
633 498 840 560 neque
914 473 1086 540 enim
1162 474 1274 538 illo
1346 475 1488 540 loco
1562 470 1939 538 indefinitus
2016 492 2317 536 numerus
2392 491 2612 544 causa·
2655 490 2775 532 nu·

429 583 587 650 meri
647 581 999 667 singularis
1055 584 1174 659 est,
1210 579 1348 646 ⁴sed
1394 579 1481 657 id,
1547 580 1716 663 quod
1764 582 1988 646 auctor
2033 576 2111 643 de
2156 575 2460 642 subiectis
2505 573 2779 662 singulis

428 692 694 775 cogitat.
822 687 1052 755 Altera
1136 691 1354 752 autem
1438 688 1581 772 lege
1668 686 1775 751 vix
1851 685 2102 770 reliqua
2173 684 2392 749 omnia
2466 682 2775 768 exempla,

289 836 295 842 ·
428 819 593 882 quae
691 794 774 860 ad
868 795 1149 880 priorem
1233 794 1460 859 referri
1546 815 1678 859 non
1754 794 2025 879 possunt
2041 839 2058 872 ,
2141 788 2769 857 circumscribuntur.

428 904 655 968 Potius
734 923 856 988 ego
937 903 1095 987 puto
1176 899 1244 964 id
1312 900 1543 987 ipsum,
1627 898 1797 985 quod
1868 899 2085 983 plures
2157 900 2260 963 vel
2332 898 2458 962 duo
2534 895 2777 981 aliquid

429 1008 853 1101 communiter
915 1006 1158 1073 faciant
1174 1055 1190 1086 ,
1256 1007 1587 1095 postulare
1653 1028 1989 1091 numerum
2055 1005 2403 1089 pluralem3
2467 1002 2780 1089 singulari

430 1116 622 1194 enim,
683 1136 847 1199 quae
902 1116 1197 1181 notiones
1248 1115 1536 1181 subiecto
1582 1115 2020 1192 continentur,
2079 1112 2539 1196 disiunguntur
2584 1114 2779 1194 atque

429 1221 815 1307 singillatim
862 1222 1066 1287 menti
1110 1224 1582 1307 proponuntur.
1689 1220 1935 1303 Deinde
1980 1210 2119 1305 cap.
2168 1219 2258 1284 VI
2304 1217 2657 1284 videbimus
2705 1216 2775 1281 in

425 1328 749 1394 schemate
778 1326 1152 1394 Alcmanico
1198 1329 1514 1415 pluralem
1560 1328 1739 1395 verbi
1784 1349 2122 1393 numerum
2157 1329 2297 1391 tum
2343 1324 2553 1410 ipsum
2595 1347 2778 1390 usur-

425 1436 588 1520 pari,
649 1457 792 1500 cum
850 1440 1043 1521 poeta
1089 1435 1247 1502 duos
1293 1435 1721 1502 communiter
1768 1434 2014 1521 aliquid
2059 1434 2371 1500 facientes
2417 1431 2776 1500 accuratius

433 1543 800 1628 significare
845 1542 1022 1608 velit.
1114 1539 1337 1610 Liceat
1381 1544 1584 1609 etiam
1629 1542 1920 1633 conferre

430 1703 516 1781 Φ,
567 1704 718 1769 611.
811 1700 1016 1767 ὅντινα
1064 1715 1251 1786 τῶνγε
1296 1705 1475 1779 πόδες
1521 1708 1630 1770 καὶ
1673 1712 1863 1786 γοῦνα
1910 1707 2151 1769 σαώσαι

431 1850 575 1894 cum
627 1826 712 1905 Ψ,
761 1825 912 1891 444.
1008 1832 1357 1916 φθήσονται
1404 1831 1665 1895 τοῦτοισι
1713 1829 1892 1904 πόδες
1938 1832 2066 1894 καὶ·
2089 1836 2278 1911 γοῦνα
2324 1832 2636 1913 καμόντα·

429 1951 658 2018 deinde
704 1951 859 2017 Her.
909 1950 1087 2031 VIII,
1136 1950 1226 2016 60
1271 1956 1338 2018 et
1384 1952 1498 2029 IV,
1552 1953 1674 2017 121
1728 1953 1834 2038 (cf.
1883 1978 1943 2038 p.
1993 1953 2061 2033 9)

434 2098 577 2141 cum
624 2076 697 2154 B,
750 2075 898 2141 136.
992 2073 1056 2142 αἱ
1102 2077 1168 2142 δε
1213 2100 1329 2144 που
1375 2076 1669 2166 ἡμέτεραί
1717 2078 2000 2166 τ’ἄλοχοι
2046 2082 2153 2144 καὶ
2200 2084 2387 2166 νήπια
2434 2081 2618 2142 τέκνα

987 2201 1142 2267 εἵατ’
1192 2200 1279 2268 ἐνὶ
1326 2208 1615 2289 μεγάροις
1661 2205 2092 2291 ποτιδέγμενοι·

429 2331 498 2392 et
543 2325 700 2393 Her.
749 2325 860 2405 Vl,
926 2327 1028 2391 19.
1121 2339 1400 2410 γυναῖκες
1465 2329 1531 2393 δὲ
1596 2332 1704 2394 καὶ
1767 2334 1951 2396 τέκνα
2016 2327 2079 2394 ἐν
2146 2327 2544 2414 ἀνδραπόδων
2609 2327 2772 2411 λόγῳ

425 2432 710 2517 ἐγίνοντο,

427 2577 533 2642 ubi
575 2580 711 2641 tam
750 2577 1019 2661 pluralis
1060 2599 1253 2660 quam
1296 2577 1639 2664 singularis
1668 2600 1967 2643 numerus
1999 2583 2098 2644 est
2130 2576 2477 2658 adhibitus,
2518 2576 2775 2642 etiamsi

427 2684 653 2749 iisdem
717 2683 818 2748 vel
872 2683 1184 2748 similibus
1232 2684 1605 2750 notionibus
1652 2688 1942 2751 auctores
1987 2687 2261 2751 utuntur
2306 2683 2618 2748 similibus
2678 2684 2775 2749 vel

428 2789 652 2854 iisdem
698 2778 1193 2857 condicionibus·

605 2932 773 2999 Sunt
844 2937 1061 3000 autem
1133 2934 1333 2999 etiam
1401 2935 1550 3014 loci,
1626 2935 1734 3000 ubi
1806 2935 2152 3020 singularis
2224 2933 2404 2999 verbi
2471 2954 2774 2998 numerus

426 3060 558 3105 non
605 3042 913 3124 proximo,
969 3041 1079 3107 sed
1126 3042 1472 3107 remotiore
1518 3042 1809 3107 subiecto
1853 3042 2173 3127 singulari
2220 3043 2319 3107 vel
2366 3043 2576 3105 neutr.
2624 3060 2773 3126 gen.

426 3146 659 3229 plurali
718 3147 1015 3228 efficitur,
1075 3148 1168 3214 ita
1220 3151 1293 3213 ut
1338 3148 1702 3233 proximum
1749 3148 1941 3214 verbo
1987 3171 2222 3215 nomen
2268 3148 2519 3249 plurale
2574 3147 2662 3213 sit
2706 3150 2775 3213 et

422 3252 674 3319 schema
738 3253 1151 3320 Pindaricum
1231 3254 1526 3321 videatur
1602 3254 2019 3322 statuendum
2089 3276 2246 3320 esse.
2356 3253 2641 3330 Quorum
2704 3253 2773 3318 in

424 3381 761 3425 numerum
838 3360 1156 3426 referendi
1221 3364 1375 3426 sunt
1447 3361 1571 3429 loci
1644 3361 1937 3427 Platonis
2003 3360 2288 3445 Euthyd.
2365 3383 2430 3446 p.
2494 3358 2625 3426 302
2689 3359 2770 3423 A.

412 3462 624 3531 Εστι
700 3469 816 3553 γὰρ
883 3466 1083 3554 ἔμοιγε
1146 3473 1253 3533 καὶ
1318 3472 1513 3556 βωμοὶ
1574 3473 1682 3535 και
1738 3465 1872 3554 ἱερὰ
1937 3467 2134 3535 οἰκεῖα
2189 3473 2297 3535 και
2351 3479 2610 3554 πατρῷα
2662 3490 2774 3534 και

427 3571 674 3638 τᾶλλα
739 3597 1029 3661 οσαπερ
1105 3586 1229 3651 τοῖς
1290 3576 1508 3652 ἄλλοις
1565 3574 1936 3664 Ἀθηναίοις
2008 3588 2126 3643 τῶν
2190 3579 2508 3642 τοιοῦτων·
2568 3577 2638 3639 et
2692 3574 2772 3638 de

426 3679 670 3764 republ.
717 3680 804 3761 II,
861 3702 924 3765 p.
970 3680 1099 3747 365
1161 3681 1241 3748 A.
1295 3681 1402 3749 ινα
1459 3683 1736 3749 δοκοῦντι
1792 3684 2009 3769 δικαίῳ
2053 3682 2209 3749 εἶναι
2255 3688 2604 3773 γίγνηται
2651 3680 2770 3747 ἀπὸ

426 3797 535 3874 τῆς
584 3787 766 3877 δόξης
813 3787 1010 3876 ἀρχαί
1055 3813 1116 3853 τε
1163 3795 1270 3856 καὶ
1307 3795 1492 3877 γάμοι
1529 3794 1636 3856 καὶ
1677 3789 1956 3877 ὅσαπερ
1997 3789 2298 3858 Γλαῦκων
2327 3790 2582 3879 διῆλθεν
2611 3789 2768 3874 ἄρτι.

423 3894 645 3958 Priore
720 3894 980 3981 quidem
1060 3896 1199 3961 loco
1281 3918 1665 3982 quamquam
1740 3897 2027 3963 subiecta
2099 3901 2312 3964 neutr.
2387 3919 2535 3983 gen.
2610 3895 2770 3960 illud

424 4003 617 4087 βωμοὶ
662 4023 931 4066 numero
978 4003 1163 4068 valde
1209 4006 1538 4087 superant,
1586 4027 1749 4088 quae
1795 4026 1987 4069 causa
2025 4004 2204 4071 verbi
2246 4003 2596 4091 singularis
2634 4025 2771 4068 esse

424 4108 645 4190 possit,
692 4110 935 4189 tamen,
982 4109 1039 4173 si
1086 4110 1362 4176 alterum
1407 4110 1803 4198 locum-cum
1845 4111 2058 4194 priore
2099 4134 2563 4197 comparamus,
2609 4109 2771 4175 illud

425 4211 628 4279 τᾶλλα
676 4213 909 4302 ὅσαπερ
956 4215 1063 4281 κτὲ
1121 4217 1221 4292 vel
1267 4214 1499 4303 ὅσαπερ
1545 4215 1673 4294 κτὲ,
1730 4216 1901 4302 quod
1946 4224 2022 4282 ut
2065 4218 2425 4286 subiectum
2467 4218 2770 4304 generale

423 4319 713 4386 subiecta
739 4343 906 4406 quae
934 4322 1322 4407 praecedunt
1348 4325 1813 4408 complectitur,
1844 4325 2107 4391 verbum
2133 4326 2462 4412 singulare
2491 4327 2770 4398 effecisse

423 4425 610 4493 uobis
657 4428 1195 4513 persuadebimus.
1243 4466 1331 4478 -
1377 4429 1590 4498 Aliter
1635 4434 1851 4498 autem
1898 4431 2309 4499 iudicandum
2354 4435 2453 4499 est
2493 4431 2572 4499 de
2600 4431 2764 4499 Plat.
