3226 5028
1551 265 1638 333 53

410 468 565 547 Eur.
614 467 753 535 Alc.
803 467 953 534 617.

497 575 779 649 κάκεῖνος
826 576 985 640 ἔστι
1031 572 1121 663 χή
1168 579 1429 641 τεκοῦσά
1475 577 1562 662 μ’,
1609 572 1961 660 (Ηράκλεις.
1979 574 2064 657 34)

413 681 779 749 Cavendum
838 682 1044 767 igitur
1100 684 1218 760 est,
1282 704 1365 746 ne
1421 680 1624 746 nimio
1670 704 1814 747 cum
1859 680 2074 747 studio
2119 682 2406 768 regulam
2454 703 2532 746 ex
2579 680 2759 748 sche-

406 793 581 855 mate
650 787 1024 855 Alcmanico
1101 788 1425 872 quandam
1494 788 1853 854 eliciamus:
1934 808 2183 872 semper
2252 788 2322 852 in
2396 788 2511 852 illa
2581 788 2759 853 verbi

414 897 730 982 positione
776 917 1112 961 numerum
1159 894 1467 982 pluralem
1516 894 1950 960 adhibendum
1981 918 2136 974 esse,
2183 917 2330 960 cum
2361 894 2486 959 duo
2518 893 2758 979 aliquid

408 1001 834 1067 communiter
907 1001 1154 1067 faciant
1229 1003 1332 1068 vel
1408 1002 1679 1068 duorum
1756 1001 1999 1087 aliquid
2075 1022 2406 1069 commune
2487 1023 2760 1066 comme-

408 1113 715 1175 moretur.
811 1103 977 1173 Sane
1024 1108 1495 1176 concedendum
1541 1110 1640 1174 est
1689 1107 1790 1173 his
1837 1108 2312 1175 condicionibus
2353 1108 2760 1193 aptissimum

409 1216 676 1301 pluralis
721 1215 971 1281 numeri
1017 1237 1204 1282 usum
1248 1237 1403 1295 esse,
1452 1215 1586 1281 sive
1626 1203 1899 1281 ‘verbum
1927 1213 2269 1283 antecedat
2298 1216 2432 1280 sive
2459 1215 2758 1282 succedat

409 1308 773 1390 nominibus
818 1322 950 1387 sive
998 1321 1068 1386 in
1116 1322 1323 1388 medio
1369 1324 1673 1408 ponatur.
1766 1321 1991 1409 Astius
2038 1321 2296 1407 quidem
2341 1323 2422 1388 ad
2466 1320 2759 1388 Platonis

410 1428 679 1496 Phaedr.
729 1452 791 1515 p.
842 1428 974 1493 370
1020 1429 1412 1494 contrariam
1460 1430 1541 1494 ad
1588 1429 1954 1517 opinionem
1999 1431 2310 1514 pervenit,
2367 1451 2510 1495 cum
2553 1430 2760 1516 legem

409 1537 772 1623 proposuit:
835 1536 891 1602 si
950 1536 1162 1622 plures
1208 1536 1310 1602 vel
1357 1535 1482 1601 duo
1527 1537 1957 1604 communiter
2008 1536 2248 1623 aliquid
2302 1536 2613 1605 facientes
2658 1538 2761 1601 vel

409 1644 695 1711 dicentes
723 1724 734 1729 ‚
760 1643 1179 1722 inducantur‚.
1243 1644 1639 1730 singularem
1702 1643 1883 1709 verbi
1945 1643 2197 1709 numeri
2262 1642 2574 1708 adhiberi.
2668 1644 2761 1707 At

303 1764 308 1773 '
410 1774 603 1837 supra
648 1773 793 1836 pag.
827 1748 909 1813 18
956 1750 1111 1814 iam.
1133 1748 1452 1815 docuimes
1478 1748 1559 1830 H,
1610 1749 1761 1825 386,
1809 1772 1937 1836 quo
1979 1752 2117 1817 loco
2142 1750 2366 1816 Astius
2395 1750 2760 1835 opinionem

410 1880 591 1923 suam
636 1857 845 1936 fulcit,
912 1856 1307 1942 singularem
1353 1857 1533 1923 verbi
1579 1881 1916 1923 numerum
1961 1859 2253 1945 proximo
2300 1857 2583 1923 subiecto
2629 1857 2762 1922 sin-

411 1964 625 2051 gulari
674 1964 972 2029 effectum
1020 1986 1156 2030 esse
1201 1964 1320 2044 ita,
1367 1968 1444 2029 ut
1489 1963 1569 2044 II,
1620 1964 1770 2031 844.

1222 2121 1237 2136 .
1288 2121 1303 2137 .
1353 2122 1371 2137 .
1415 2077 1511 2139 σοὶ
1556 2077 1672 2160 γὰρ
1719 2073 1959 2140 ἔδωκε

652 2183 822 2268 νίκην
869 2177 1018 2254 Ζεὺς
1063 2177 1371 2269 Κρονίδης
1416 2183 1524 2246 καὶ
1571 2180 1922 2258 Ἀπόλλων,
1944 2176 1949 2180 ’
1971 2179 2036 2246 οἵ
2075 2177 2517 2269 μ’ἐδάμασσαν,

421 2308 609 2370 quem
677 2287 886 2351 locum
960 2288 1028 2350 et
1089 2287 1252 2372 ipse
1286 2286 1513 2352 Astius
1576 2288 1798 2365 affert3
1866 2286 1959 2351 ibi
2022 2308 2174 2352 vero
2237 2285 2405 2351 nihil
2467 2286 2758 2368 interest,

413 2395 630 2458 utrum
676 2393 1025 2478 singularis
1070 2415 1152 2458 an
1198 2393 1466 2479 pluralis
1512 2393 1914 2460 adhibeatur.
1976 2381 2195 2471 'Quam
2228 2393 2507 2459 maxime
2541 2398 2760 2460 autem

416 2499 591 2595 Astii
657 2499 949 2585 opinioni
1012 2522 1373 2587 repugnare
1431 2501 1784 2570 Alcmanici
1846 2500 2193 2569 schematis
2248 2502 2540 2586 exempla
2601 2502 2759 2569 satis

410 2609 635 2694 liquet.
2076 2615 2080 2620 '
2744 2689 2745 2694 γ

591 2715 709 2780 Est
763 2715 971 2808 igitur
1026 2713 1103 2780 de
1160 2737 1280 2781 usu
1333 2715 1678 2781 schematis
1724 2714 2081 2782 Alcmanici
2140 2716 2262 2783 hoc
2308 2718 2756 2782 statuendum:

414 2820 780 2887 Adhibetur
834 2820 1051 2901 mod0‚
1113 2844 1258 2888 cum
1314 2823 1475 2888 duae
1531 2844 1840 2908 personae
1898 2825 2001 2889 vel
2055 2846 2176 2906 reS‚
2238 2847 2403 2909 quae
2449 2845 2753 2910 persona-

415 2951 561 2994 rum
605 2930 744 2994 loco
791 2929 1180 3013 cogitantur,
1227 2928 1475 3014 aliquid
1520 2929 1804 2996 dicentes
1851 2931 1952 2997 vel
1997 2932 2302 2997 facientes
2348 2932 2759 3012 inducuntur,

417 3040 485 3102 et
538 3039 678 3101 tum
737 3035 1073 3120 imprimis,
1134 3037 1274 3100 cum
1336 3040 1530 3121 poeta
1586 3037 1734 3101 illas
1791 3059 2096 3122 personas
2152 3040 2575 3106 communiter
2638 3038 2757 3106 ali-

416 3142 571 3228 quid
617 3143 927 3209 facientes
974 3165 1167 3227 quam
1212 3144 1580 3227 planissime
1628 3145 1985 3230 exprimere
2031 3146 2190 3211 vult.

596 3248 865 3316 Schema
887 3249 1325 3317 Alcmanicum
1358 3275 1397 3318 a
1427 3251 1752 3318 veteribus
1780 3255 2186 3339 προεπίζευξιν
2218 3253 2538 3319 nominari
2569 3275 2764 3339 supra

418 3357 507 3441 (p.
539 3356 650 3438 48)
698 3359 827 3423 iam
872 3359 1538 3438 commemoravimus3
1585 3381 1758 3425 nunc
1803 3361 2212 3446 adiungimus
2253 3359 2318 3424 id
2351 3383 2389 3425 a
2417 3359 2764 3426 scholiasta

419 3464 501 3530 ad
545 3488 604 3543 κ,
656 3462 788 3528 513
835 3466 1032 3530 etiam
1077 3463 1605 3554 προδιὲζευγμὲνον
1652 3472 1760 3533 καὶ
1804 3470 1957 3534 καθ’
2009 3462 2368 3553 ὃπέρβατον,
2418 3466 2500 3530 ab
2527 3466 2764 3532 Eusta-

416 3570 558 3637 thio
613 3572 693 3635 ad
749 3594 810 3650 κ,
872 3569 1002 3636 513
1063 3574 1594 3661 προδιεζευγμὲνον
1654 3575 1984 3659 appellari.
2088 3573 2312 3658 Neque
2370 3594 2521 3639 vero
2567 3574 2763 3639 ullam

417 3700 567 3744 usus
615 3677 1066 3744 differentiam·
1090 3702 1224 3746 esse
1270 3681 1442 3746 inter
1487 3703 1673 3747 voces
1718 3683 2249 3769 προδιεζευγμὲνον
2295 3684 2488 3765 atque
2515 3680 2764 3767 προεπί-

600 3909 674 3982 34)
715 3911 984 3967 Similiter
1029 3913 1250 3981 praeter
1296 3912 1613 3982 opinionem
1660 3915 2043 3983 praedicatum
2079 3912 2360 3983 singulare
2395 3913 2695 3968 adhibetur
2728 3930 2764 3968 a

417 4001 701 4064 Demosth.
737 4002 825 4067 45,
864 4002 949 4056 54.

405 4087 558 4141 Ἔστ
575 4107 627 4141 ιν
662 4090 703 4162 ἡ
737 4090 908 4142 τούτου
945 4089 1121 4162 μήτηρ
1158 4088 1244 4140 καὶ
1282 4087 1309 4140 ὁ
1344 4095 1440 4161 τῆς
1476 4088 1606 4162 ἐμῆς
1642 4090 1873 4161 γυναικὸς
1908 4091 2076 4163 πατὴρ
2114 4088 2334 4161 ἀδελφοί.

422 4180 496 4235 ab
532 4179 662 4234 Eur.
699 4179 881 4251 Iphig.
920 4179 1084 4235 Taur.
1123 4180 1173 4234 3.

415 4266 642 4339 Ἀτρέως
690 4265 743 4319 δὲ
788 4273 935 4330 παῖς
983 4266 1242 4330 Μενέλαος
1284 4266 1623 4341 Ἀγαμέμνων
1667 4288 1719 4322 τε

418 4377 455 4414 ει
490 4359 813 4425 MenandrO,
848 4357 955 4429 περὶ
990 4355 1213 4410 ἐπιδεικτ.
1251 4359 1449 4427 (wala
1485 4378 1569 4430 gr.
1603 4361 1747 4417 rhet.
1772 4360 1867 4428 IX,
1904 4379 1958 4432 p.
1979 4358 2107 4429 329)
2144 4359 2208 4411 τά
2243 4355 2390 4430 τείχη
2423 4356 2695 4411 Ἀπόλλων

417 4446 505 4501 καὶ
540 4444 794 4499 Ποσειδῶν
829 4447 1198 4500 κατασκευάσαι
1233 4447 1500 4519 λέγεται.
